@STRING{VLDB      = {Conference on Very Large Data Bases (VLDB)}}
@STRING{SIGMOD       = {ACM Conference on the Management of Data (SIGMOD)}}
@STRING{EDBT       = {Conference on Extending Database Technology (EDBT)}}
@STRING{PVLDB       = {Proceedings of the VLDB Endowment (PVLDB)}}
@STRING{TODS       = {ACM Transactions on Database Systems (TODS)}}
@STRING{ICDE       = {IEEE International Conference on Data Engineering (ICDE)}}
@STRING{CSF       = {IEEE Computer Security Foundations Symposium (CSF)}}
@STRING{IIS       = {Journal of Intelligent Information Systems}}
@STRING{PODS       = {ACM Symposium on Principles of Database Systems (PODS)}}
@STRING{ISWC = {International Semantic Web Conference (ISWC)}}
@STRING{DEBULL = {{IEEE} Data Engineering Bulletin}}
@STRING{SSDBM = {Conference on Scientific and Statistical Database Management (SSDBM)}}
@STRING{SIGMODREC = {{SIGMOD} Record}}
@STRING{ICDT = {International Conference on Database Theory (ICDT)}}
@STRING{CSE = {Computing in Science and Engineering}}
@STRING{HPCC = {IEEE Conference on High Performance Computing and Communications (HPCC)}}
@STRING{LDOW = {Linked Data on the Web Workshop}}
@STRING{VLDBJ = {The VLDB Journal}}
@STRING{TKDE = {IEEE Transactions on Knowledge and Data Engineering (TKDE)}}
@STRING{JDIQ = {ACM Journal on Data and Information Quality (JDIQ)}}
@STRING{TAPP = {Workshop on Theory and Practice of Provenance (TAPP)}}
@STRING{CIKM = {Conference on Information and Knowledge Management (CIKM)}}
@STRING{XIMEP = {Workshop on XQuery Implementation, Experience and Perspectives (XIME-P}}}
@STRING{IQIS = {Workshop on Information Quality in Information Systems (IQIS)}}
@STRING{HPCA = {Reproduce, HPCA}}
@STRING{CAISE = { Conference on Advanced Information Systems Engineering (CAiSE)}}
@STRING{IPAW = {International Provenance and Annotation Workshop (IPAW)}}
@STRING{CLOUD = {IEEE Conference on Cloud Computing (CLOUD)}}
@STRING{VIS = {IEEE Visualization (VIS)}}
@STRING{TVCG = {IEEE Transactions on Visualization and Computer Graphics (TVCG)}}
@STRING{DEBS = {Conference on Distributed Event-Based Systems (DEBS)}}
@STRING{HPDC = {IEEE Symposium on High Performance Distributed Computing (HPDC)}},
@STRING{CIDR = {Conference on Innovative Data Systems Research (CIDR)}}
@STRING{ICWS = {International Conference on Web Services (ICWS)}}
@STRING{USENIX = {USENIX Annual Technical Conference}}
@STRING{WWW = {World Wide Web Conference (WWW)}}
@STRING{WORKS= {Workshop on Workflows in Support of Large-Scale Science (WORKS)}}
@STRING{MTAP= {Multimedia Tools and Applications Journal}}
@STRING{IV= {International Conference on Information Visualization (IV)}}
@STRING{IVJ= {Information Visualization Journal}}
@STRING{CHI= {Conference on Human Factors in Computing Systems (CHI)}}
@STRING{BigData= {IEEE International Conference on Big Data (BigData)}}
@STRING{DOLAP= {International Workshop on Data Warehousing and OLAP (DOLAP)}}
@STRING{CODASPY = {Conference on Data and Application Security and Privacy (CODASPY)}}
@STRING{IS={Journal of Information Systems}}
@STRING{SDM={Workshop on Secure Data Management (SDM)}}
@STRING{ADBIS={Advances in Databases and Information Systems (ADBIS)}}
@STRING{EuroVIS={European Conference on Visualization (EuroVis)}}
@STRING{ETAPS={Electronic Proceedings in Theoretical Computer Science (ETAPS)}}
@STRING{HILDA={Workshop on Human-In-the-Loop Data Analytics( HILDA)}}
@STRING{PacificVIS={Asia Pacific Symposium on Information Visualisation (PacificVIS)}}
@STRING{LDOW={Linked Data on the Web (LDOW)}}
@STRING{SWPM = {Workshop on Semantic Web for Provenance Management (SWPM)}}
@STRING{PST = {Conference on Privacy, Security and Trust (PST)}} 
@STRING{AVI = {Proceedings of the International Working Conference on Advanced Visual Interfaces (AVI)}} @STRING{IUI = { International Conference on Intelligent User Interfaces (IUI)}}
@STRING{TSE = { IEEE Transactions on Software Engineering (TSE)}}
@STRING{KDD = { Conference on Knowledge Discovery \& Data Mining (KDD)}}
@STRING{VISSOFT = {IEEE Working Conference on Software Visualization (VISSOFT)}}
@STRING{BELIV = {Beyond Time and Errors: Novel Evaluation Methods for Visualization (BELIV)}}
@STRING{GPC = { IEEE Workshop on Grid and Pervasive Computing Conference (GPC)}}
@STRING{NIPS = {Advances in Neural Information Processing Systems (NIPS)}}


@article{DBLP:journals/bmcbi/Mower05,
  author    = {Jeffrey P. Mower},
  title     = {PREP-Mt: predictive {RNA} editor for plant mitochondrial genes},
  journal   = {{BMC} Bioinformatics},
  volume    = {6},
  pages     = {96},
  year      = {2005}
}


@inproceedings{green:sigmod07,
  author    = {Todd J. Green and
               Gregory Karvounarakis and
               Nicholas E. Taylor and
               Olivier Biton and
               Zachary G. Ives and
               Val Tannen},
  title     = {{ORCHESTRA:} facilitating collaborative data sharing},
  booktitle = SIGMOD,
  pages     = {1131--1133},
  year      = {2007}
}

@INPROCEEDINGS{Park:2012:PAC, 
author={J. Park and D. Nguyen and R. Sandhu}, 
booktitle=PST,
title={A provenance-based access control model}, 
year={2012}, 
pages={137--144}
}

@inproceedings{chiticariu:vldb06,
  author    = {Laura Chiticariu and
               Wang Chiew Tan},
  title     = {Debugging Schema Mappings with Routes},
  booktitle = VLDB,
  pages     = {79--90},
  year      = {2006}
}


@ARTICLE{theoharis:ieeeic11, 
author={Y. Theoharis and I. Fundulaki and G. Karvounarakis and V. Christophides}, 
journal={IEEE Internet Computing}, 
title={On Provenance of Queries on Semantic Web Data}, 
year={2011}, 
volume={15}, 
number={1}, 
pages={31--39}
}

@inproceedings{bourhis:icde17,
  author    = {Pierre Bourhis and
               Daniel Deutch and
               Yuval Moskovitch},
  title     = {{POLYTICS:} Provenance-Based Analytics of Data-Centric Applications},
  booktitle = ICDE,
  pages     = {1373--1374},
  year      = {2017}
}

@inproceedings{zhou:sigmod10,
 author = {Zhou, Wenchao and Sherr, Micah and Tao, Tao and Li, Xiaozhou and Loo, Boon Thau and Mao, Yun},
 title = {Efficient Querying and Maintenance of Network Provenance at Internet-scale},
 booktitle = SIGMOD,
 year = {2010},
 pages = {615--626},
 } 


@inproceedings{anand:edbt09,
 author = {Anand, Manish Kumar and Bowers, Shawn and McPhillips, Timothy and Lud\"{a}scher, Bertram},
 title = {Efficient Provenance Storage over Nested Data Collections},
 booktitle = EDBT,
 year = {2009},
 pages = {958--969}
 } 

@article{deutsch:pvldb14,
 author = {Deutch, Daniel and Moskovitch, Yuval and Tannen, Val},
 title = {A Provenance Framework for Data-dependent Process Analysis},
 journal = PVLDB,
 volume = {7},
 number = {6},
 year = {2014},
 pages = {457--468},
 acmid = {2732283},
 publisher = {VLDB Endowment},
} 


@article{karvounarakis:tods13,
 author = {Karvounarakis, Grigoris and Green, Todd J. and Ives, Zachary G. and Tannen, Val},
 title = {Collaborative Data Sharing via Update Exchange and Provenance},
 journal = TODS, 
 volume = {38},
 number = {3},
 year = {2013},
 pages = {19:1--19:42},
} 

@inproceedings{zhang:edbt10,
 author = {Zhang, Jing and Jagadish, H. V.},
 title = {Lost Source Provenance},
 booktitle = EDBT,
 year = {2010},
 pages = {311--322}
 } 

@INPROCEEDINGS{zhang:icde13, 
author={J. Zhang and H. V. Jagadish}, 
booktitle = ICDE, 
title={Revision provenance in text documents of asynchronous collaboration}, 
year={2013}, 
pages={889--900}, 
}


@INPROCEEDINGS{deutsch:icde15, 
author={D. Deutch and A. Gilad and Y. Moskovitch}, 
booktitle= ICDE,
title={{selP}: Selective tracking and presentation of data provenance}, 
year={2015}, 
pages={1484-1487}
}

@inproceedings{cheney:csf11,
 author = {Cheney, James},
 title = {A Formal Framework for Provenance Security},
 booktitle = CSF,
 year = {2011},
 pages = {281--293}
} 


@article{bertino:iis14,
 author = {Bertino, Elisa and Ghinita, Gabriel and Kantarcioglu, Murat and Nguyen, Dang and Park, Jae and Sandhu, Ravi and Sultana, Salmin and Thuraisingham, Bhavani and Xu, Shouhuai},
 title = {A Roadmap for Privacy-enhanced Secure Data Provenance},
 journal = IIS,
 volume = {43},
 number = {3},
 year = {2014},
 pages = {481--501}
} 


@inproceedings{foster:pods08,
  author    = {J. Nathan Foster and
               Todd J. Green and
               Val Tannen},
  title     = {Annotated {XML:} queries and provenance},
  booktitle = PODS,
  pages     = {271--280},
  year      = {2008}
}

@article{glavic:pvldb10,
  author    = {Boris Glavic and
               Gustavo Alonso and
               Ren{\'{e}}e J. Miller and
               Laura M. Haas},
  title     = {{TRAMP:} Understanding the Behavior of Schema Mappings through Provenance},
  journal   =  PVLDB,
  volume    = {3},
  number    = {1},
  pages     = {1314--1325},
  year      = {2010},
}


@inproceedings{wang:vldb90,
  title={A polygen model for heterogeneous database systems: The source tagging perspective},
  author={Wang, Y Richard and Madnick, Stuart E and others},
  booktitle=VLDB,
  pages={519--538},
  year={1990}
}


@inproceedings{herschel:sigmod16,
  author    = {Melanie Herschel and
               Marcel Hlawatsch},
  title     = {Provenance: On and Behind the Screens},
  booktitle = SIGMOD,
  pages     = {2213--2217},
  year      = {2016}
  }

@article{cranmer:chep15,
  author = {Kyle Cranmer and Lukas Heinrich and Roger Jones and David M. South},
  title = {Analysis Preservation in {ATLAS}},
  journal = {Journal of Physics},
  year = {2015},
  volume = {664},
  }
    
  
  @article{new:hbr10,
  author = {Steve New},
  title = {The Transparent Supply Chain},
  journal = {Harvard Business Review},
  year = {2010},
  }
  

  
  @manual{w3cprov:overview,
      title  = {PROV-Overview: An Overview of the PROV Family of Documents},
      author = "Paul Groth and Luc Moreau",
      url    = "https://www.w3.org/TR/prov-overview/",
      year   = "2013 (accessed March 15, 2016)"
    }

@inproceedings{bose:ssdbm04,
  author    = {Rajendra Bose and
               James Frew},
  title     = {Composing Lineage Metadata with {XML} for Custom Satellite-Derived
               Data Products},
  booktitle = SSDBM, 
  pages = {275--284},
    year      = {2004}
    }


@inproceedings{missier:prov13,
  author    = {Paolo Missier and
               Khalid Belhajjame and
               James Cheney},
  title     = {The {W3C} {PROV} family of specifications for modelling provenance
               metadata},
  booktitle = EDBT,
  pages     = {773--776},
    year      = {2013},
}

@inproceedings{zhao:iswc04,
  author    = {Jun Zhao and
               Chris Wroe and
               Carole A. Goble and
               Robert Stevens and
               Dennis Quan and
               R. Mark Greenwood},
  title     = {Using Semantic Web Technologies for Representing E-science Provenance},
  booktitle = ISWC,
   pages     = {92--106},
  year      = {2004},
}

@article{silva:ieeede03,
  author    = {Paulo Pinheiro da Silva and
               Deborah L. McGuinness and
               Rob McCool},
  title     = {Knowledge Provenance Infrastructure},
  journal   = DEBULL,
  pages     = {26--32},
  volume    = {26},
  number    = {4},
  year      = {2003},
}

%--------- surverys ---------

@book{deelman:book09,
author = {Ewa Deelman and
               G. Bruce Berriman and
               Ann L. Chervenak and
               {\'{O}}scar Corcho and
               Paul T. Groth and
               Luc Moreau},
  title     = {Metadata and provenance management},
 editor = {Shoshani, Arie and Rotem, Doron},
 booktitle = {Scientific Data Management: Challenges, Technology, and Deployment},
 year = {2009},
 publisher = {Chapman \& Hall/CRC}
} 

@article{simmhan:sigmodrecord05,
  author    = {Yogesh Simmhan and
               Beth Plale and
               Dennis Gannon},
  title     = {A survey of data provenance in e-science},
  journal   = SIGMODREC,
    volume    = {34},
  number    = {3},
  pages     = {31--36},
  year      = {2005},
}

@inproceedings{buneman:icdt01,
  author    = {Peter Buneman and Sanjeev Khanna and Wang Chiew Tan},
  title     = {Why and Where: A Characterization of Data Provenance},
  booktitle = ICDT, 
  year      = {2001},
  pages     = {316--330}
}

 
@inproceedings{buneman:sigmod07,
   title={Provenance in databases},
   author={Buneman, Peter and Tan, Wang Chiew},
   booktitle= SIGMOD,
   pages={1171--1173},
   year={2007},
   organization={ACM}
 }
  
  
@inproceedings{cheney:corr14,
  author="Cheney, James and Perera, Roly",
  title="An Analytical Survey of Provenance Sanitization",
  booktitle= IPAW,
  year="2014",
  pages="113--126"
}

  
 @article{freire:cse08,
 author = {Freire, Juliana and Koop, David and Santos, Emanuele and Silva, Cl\'{a}udio T.},
 title = {Provenance for Computational Tasks: A Survey},
 journal = CSE,
 volume = {10},
 number = {3},
 year = {2008},
 pages = {11--21}
}  


@INPROCEEDINGS{tan:hpcc13,
  author = {Yu Shyang Tan and Ryan K L Ko and Geoff Holmes},
  title = {Security and Data Accountability in Distributed Systems: A Provenance Survey},
  booktitle = HPCC,
  year = {2013}
   }
 
 @article{davidson:debulletin07,
  author    = {Susan B. Davidson and
               Sarah Cohen-Boulakia and
               Anat Eyal and
               Bertram Lud{\"a}scher and
               Timothy M. McPhillips and
               Shawn Bowers and
               Manish Kumar Anand and
               Juliana Freire},
  title     = {Provenance in Scientific Workflow Systems},
  journal   = DEBULL,
  volume    = {30},
  number    = {4},
  year      = {2007},
  pages     = {44-50},
}

  %-------


%---------------------------- unclassified articles ----------------------------

@article{Karvounarakis:sigmodRecord12,
 author = {Karvounarakis, Grigoris and Green, Todd J.},
 title = {Semiring-annotated Data: Queries and Provenance?},
 journal = SIGMODREC,
  volume = {41},
 number = {3},
 year = {2012},
 pages = {5--14},
} 


@inproceedings{green:pods07,
  author    = {Todd J. Green and
               Gregory Karvounarakis and
               Val Tannen},
  title     = {Provenance semirings},
  booktitle =  PODS,
  year      = {2007},
  pages     = {31--40},
}

@inproceedings{woodruff:icde97,
  author    = {Allison Woodruff and
               Michael Stonebraker},
  title     = {Supporting Fine-grained Data Lineage in a Database Visualization
               Environment},
  booktitle = ICDE,
  year      = {1997},
  pages     = {91--102}
}

@article{ji:jgc14,
year={2015},
journal={Journal of Grid Computing},
title={A Survey of Data-Intensive Scientific Workflow Management},
author={Liu, Ji and Pacitti, Esther and Valduriez, Patrick and Mattoso, Marta},
pages={1--37},
volume    = {13},
  number    = {4},
  pages     = {457--493},
}

@inproceedings{davidson:sigmod08,
 author = {Davidson, Susan B. and Freire, Juliana},
 title = {Provenance and Scientific Workflows: Challenges and Opportunities},
 booktitle = SIGMOD,
 year = {2008},
 pages = {1345--1350},
} 

@article{moreau:ftws10,
  author    = {Luc Moreau},
  title     = {The Foundations for Provenance on the Web},
  journal   = {Foundations and Trends in Web Science},
  volume    = {2},
  number    = {2-3},
  pages     = {99--241},
  year      = {2010}
}



@inproceedings{hartig:ldow09,
  author = {Hartig, Olaf},
  booktitle =LDOW,
  title = {Provenance Information in the Web of Data.},
  year = 2009
}



%----------------------------------


%--------------------- Why-Not provenance ---------------------

    @article{tran2014query,
          title={Query reverse engineering},
          author={Tran, Quoc Trung and Chan, Chee-Yong and Parthasarathy, Srinivasan},
          journal= VLDBJ,
          volume={23},
          number={5},
          pages={721--746},
          year={2014}
        }
        
         @article{gao2015answering,
   title={Answering why-not questions on reverse top-k queries},
   author={Gao, Yunjun and Liu, Qing and Chen, Gang and Zheng, Baihua and Zhou, Linlin},
   journal=PVLDB,
   volume={8},
   number={7},
   pages={738--749},
   year={2015},
   publisher={VLDB Endowment}
 }
 
 
 @INPROCEEDINGS{Chen:icde15, 
author={Lei Chen and  Xin Lin and Christian S. Jensen and Jianliang Xu}, 
booktitle= ICDE,
title={Answering Why-Not Questions on Spatial Keyword Top-k
Queries}, 
pages={279--290},
year={2015}
}       

   @inproceedings{papadias:sigmod03,
  author    = {Dimitris Papadias and
               Yufei Tao and
               Greg Fu and
               Bernhard Seeger},
  title     = {An Optimal and Progressive Algorithm for Skyline Queries},
  booktitle = SIGMOD,
  pages     = {467--478},
  year      = {2003},
}
   
@article{He:tkde14,
  title={Answering why-not questions on top-k queries},
  author={He, Zhian and Lo, Eric},
  journal = TKDE,
  volume={26},
  number={6},
  pages={1300--1315},
  year={2014}
}


        
 @inproceedings{roy2014formal,
   title={A formal approach to finding explanations for database queries},
   author={Roy, Sudeepa and Suciu, Dan},
   year={2014},
   pages     = {1579--1590},
 booktitle = SIGMOD
  }
 
 @inproceedings{islam2012modeling,
  title={On modeling query refinement by capturing user intent through feedback},
  author={Islam, Md Saiful and Liu, Chengfei and Zhou, Rui},
  booktitle={Australasian Database Conference},
  pages={11--20},
  year={2012}
  }
 
 @article{islam2014flexiq,
  title={Flexiq: A flexible interactive querying framework by exploiting the skyline operator},
  author={Islam, Md Saiful and Liu, Chengfei and Zhou, Rui},
  journal={Journal of Systems and Software},
  volume={97},
  pages={97--117},
  year={2014},
  publisher={Elsevier}
}
 
 @inproceedings{cate2015high,
  author    = {ten Cate, Balder and Civili, Cristina and Sherkhonov, Evgeny and Tan, Wang-Chiew},
  title     = {High-Level Why-Not Explanations using Ontologies},
    pages={31--43},
  booktitle =  PODS,
  year      = {2015},
}

@inproceedings{tran2009query,
  title={Query by output},
  author={Tran, Quoc Trung and Chan, Chee-Yong and Parthasarathy, Srinivasan},
  booktitle= SIGMOD,
  pages={535--548},
  year={2009}
}
 
 @article{herschel:jdiq15,
  author    = {Melanie Herschel},
  title     = {A Hybrid Approach to Answering Why-Not Questions on Relational Query
               Results},
  journal   = JDIQ,
  volume    = {5},
  number    = {3},
  pages     = {10:1--10:29},
  year      = {2015}
}

  
  @inproceedings{kohler2013first,
  author    = {Sven K{\"{o}}hler and
               Bertram Lud{\"{a}}scher and
               Daniel Zinn},
  title     = {First-Order Provenance Games},
  booktitle = {In Search of Elegance in the Theory and Practice of Computation},
  pages     = {382--399},
  year      = {2013}
}
  
  @inproceedings{riddle3towards,
    title={Towards Constraint Provenance Games},
    author={Riddle, Sean and K{\"o}hler, Sven and Lud{\"a}scher, Bertram},
   booktitle = TAPP,
         year={2014},   
  }
  




@inproceedings{bidoit:cikm15,
  author    = {Nicole Bidoit and
               Melanie Herschel and
               Aikaterini Tzompanaki},
  title     = {Efficient Computation of Polynomial Explanations of Why-Not Questions},
  pages = {713--722},
  booktitle = CIKM, 
    year      = {2015}
  }
  
  @inproceedings{bidoit:tapp14,
  author    = {Nicole Bidoit and
               Melanie Herschel and
               Katerina Tzompanaki},
  title     = {Immutably Answering Why-Not Questions for Equivalent Conjunctive Queries},
  booktitle = TAPP,
  year      = {2014}
  }
  
  
@article{calvanese:jair13,
  author    = {Diego Calvanese and
               Magdalena Ortiz and
               Mantas Simkus and
               Giorgio Stefanoni},
  title     = {Reasoning about Explanations for Negative Query Answers in {DL-Lite}},
  journal   = {Journal on Artificial Intelligence Research {(JAIR)}},
  year      = {2013},
  volume    = {48},
  pages     = {635--669}

}  
%-------------------------------------------------------------------------  

@article{kimelfeld:tods12,
 author = {Kimelfeld, Benny and Vondr\'{a}k, Jan and Williams, Ryan},
 title = {Maximizing Conjunctive Views in Deletion Propagation},
 journal =  TODS,
 volume = {37},
 number = {4},
 year = {2012},
 pages = {24:1--24:37},
} 

@inproceedings{danaparamita:edbt11,
 author = {Danaparamita, Jonathan and Gatterbauer, Wolfgang},
 title = {{QueryViz}: helping users understand {SQL} queries and their patterns},
 booktitle =  {EDBT},
 year = {2011},
 pages = {558--561}
} 


@article{nandi:pvldb11,
  author    = {Arnab Nandi and
               H. V. Jagadish},
  title     = {Guided Interaction: Rethinking the Query-Result Paradigm},
  journal   = PVLDB,
  volume    = {4},
  number    = {12},
  year      = {2011},
  pages     = {1466-1469},
}

@article{khoussainova:pvldb10,
  author    = {Nodira Khoussainova and
               YongChul Kwon and
               Magdalena Balazinska and
               Dan Suciu},
  title     = {{SnipSuggest}: Context-Aware Autocompletion for {SQL}},
  journal   = PVLDB,
  volume    = {4},
  number    = {1},
  year      = {2010},
  pages     = {22-33},
}

@INPROCEEDINGS{he:icde12, 
author={Zhian He and Lo, E.}, 
booktitle= ICDE,
title={Answering Why-not Questions on Top-k Queries}, 
year={2012}, 
pages={750-761}, 
}

@inproceedings{hernandez:edbt13,
  author    = {Mauricio A. Hern{\'a}ndez and
               Georgia Koutrika and
               Rajasekar Krishnamurthy and
               Lucian Popa and
               Ryan Wisnesky},
  title     = {HIL: a high-level scripting language for entity integration},
  booktitle = EDBT,
  year      = {2013},
  pages     = {549-560},
}

@article{bancilhon:tods81,
 author = {Bancilhon, Francois and Spyratos, Nicolas},
 title = {Update semantics of relational views},
 journal =  TODS,
 volume = {6},
 number = {4},
 year = {1981},
 pages = {557--575}
} 


@article{grust:tods12,
 author    = {Torsten Grust and
               Jan Rittinger},
  title     = {Observing {SQL} queries in their natural habitat},
  journal   = TODS,
  year      = {2013},
  volume    = {38},
  number    = {1},
  pages = {3:1--3:33},
  }

@techreport{cui:tr01,
          number = {2001-24},
            type = {Technical Report},
           title = {Run-Time Translation of View Tuple Deletions Using Data Lineage},
          author = {Yingwei Cui and Jennifer Widom},
       publisher = {Stanford},
            year = {2001},
     institution = {Stanford InfoLab}
  }
  


@inproceedings{buneman:pods02,
  author    = {Peter Buneman and
               Sanjeev Khanna and
               Wang Chiew Tan},
  title     = {On Propagation of Deletions and Annotations Through Views},
  booktitle = PODS,
  year      = {2002},
  pages     = {150--158}
}



@inproceedings{cong:cikm06,
  author    = {Gao Cong and
               Wenfei Fan and
               Floris Geerts},
  title     = {Annotation propagation revisited for key preserving views},
  booktitle = CIKM,
    year      = {2006},
  pages     = {632-641}
}

@article{cong:tkde12,
  author    = {Gao Cong and
               Wenfei Fan and
               Floris Geerts and
               Jianzhong Li and
               Jizhou Luo},
  title     = {On the Complexity of View Update Analysis and Its Application
               to Annotation Propagation},
  journal   = TKDE,
  volume    = {24},
  number    = {3},
  year      = {2012},
  pages     = {506-519}
  }


@inproceedings{herschel:cikm12,
  author    = {Melanie Herschel and
               Hanno Eichelberger},
  title     = {The {Nautilus Analyzer}: understanding and debugging data
               transformations},
  booktitle =  CIKM,
  year      = {2012},
  pages     = {2731-2733}
}

@inproceedings{bidoit:edbt14,
  author    = {Nicole Bidoit and Melanie Herschel and Katerina Tzompanaki},
  title     = {Query-Based Why-Not Provenance with {NedExplain}},
  pages     = {145--156},
  booktitle = EDBT,
  year      = {2014}
}

@inproceedings{herschel:qdb11,
author = {Melanie Herschel and Torsten Grust},
title = {Transformation Lifecycle Management with {Nautilus}},
booktitle = {Workshop on the Quality of Data (QDB)},
year = {2011}
}

@inproceedings{bleiholder:edbt10,
  author    = {Jens Bleiholder and
               Sascha Szott and
               Melanie Herschel and
               Frank Kaufer and
               Felix Naumann},
  title     = {Subsumption and complementation as data fusion operators},
  booktitle = EDBT,
  pages = {513--524},
  year      = {2010}
  }

@article{silva:aic08,
title = {Debugging techniques for declarative languages: Profiling, program slicing and algorithmic debugging},
author = {Josep Silva},
journal   = {AI Communications},
year = {2008},
volume = {21}, 
number = {1}
}

@article{meliou:pvldb11,
title = {The Complexity of Causality and Responsibility for Query Answers and non-Answers},
author = {Alexandra Meliou and Wolfgang Gatterbauer and Katherine F. Moore and Dan Suciu},
  journal   = PVLDB,
year = {2010},
pages = {34--45},
volume = {4},
number = {1}
}


@inproceedings{blakeley:sigmod86,
  author    = {Jos{\'e} A. Blakeley and
               Per-{\AA}ke Larson and
               Frank Wm. Tompa},
  title     = {Efficiently Updating Materialized Views},
  booktitle = SIGMOD,
  year      = {1986}
}



@inproceedings{grust:ximep07,
author = {Torsten Grust and Jan Rittinger and Jens Teubner},
title = {Data-Intensive XQuery Debugging with Instant Replay}, 
booktitle = XIMEP,
year = {2007}

}

@INPROCEEDINGS{galindo:sigmod94,
  author = {C{\'e}sar A. Galindo-Legaria},
  title = {Outerjoins as disjunctions},
  booktitle = SIGMOD,
  year = {1994},
  pages = {348--358},
  isbn = {0-89791-639-5}
  }


@book{yates:inforet99,
    AUTHOR = "Ricardo A. Baeza-Yates and Berthier A. Ribeiro-Neto",
    TITLE = "Modern Information Retrieval",
    publisher = "ACM Press / Addison-Wesley",
    YEAR = "1999"
}

@inproceedings{weis:iqis06,
author="Melanie~Weis and Felix~Naumann and Franziska~Brosy",
title="A Duplicate Detection Benchmark for {XML} (and Relational) Data",
booktitle= "IQIS",
year="2006"
}

@article{dayal:tods82,
 author = {Umeshwar Dayal and Philip A. Bernstein},
 title = {On the correct translation of update operations on relational views},
 journal = TODS,
 volume = {7},
 number = {3},
 year = {1982}
 }

@inproceedings{fagin:cm09,
  author    = {Ronald Fagin and
               Laura M. Haas and
               Mauricio A. Hern{\'a}ndez and
               Ren{\'e}e J. Miller and
               Lucian Popa and
               Yannis Velegrakis},
  title     = {Clio: Schema Mapping Creation and Data Exchange},
  pages     = {198--236},
  booktitle = {Conceptual Modeling: Foundations and Applications},
  year      = {2009}
  }
  
  @InProceedings{korolev:hpca14,
  author = "Vladimir  Korolev and Anupam  Joshi",
  title = "{PROB: A tool for Tracking Provenance and Reproducibility of Big Data Experiments}",
  year = "2014",
  pages= {264--286},
  booktitle = HPCA
}

  @BOOK{pearl:bn88,
  title = {Probabilistic Reasoning in Intelligent Systems: Networks of plausible
  inference},
  publisher = {Morgan Kaufmann Publishers},
  year = {1988},
  author = {Judea Pearl},
  edition = {2nd}
}
  
  @inproceedings{weis:caise07,
  author    = {Melanie Weis and
               Ioana Manolescu},
  title     = {Declarative XML Data Cleaning with XClean},
  booktitle = CAISE,
  pages     = {96--110},
    year      = {2007}
  }

@inproceedings{raman:vldb01,
  author    = {Vijayshankar Raman and
               Joseph M. Hellerstein},
  title     = {Potter's Wheel: An Interactive Data Cleaning System},
   pages     = {381--390},
  booktitle = VLDB,
  year      = {2001}
  }

@inproceedings{yan:sigmod01,
  author    = {Ling-Ling Yan and
               Ren{\'e}e J. Miller and
               Laura M. Haas and
               Ronald Fagin},
  title     = {Data-Driven Understanding and Refinement of Schema Mappings},
  pages     = {485--496},
  booktitle = SIGMOD,
  year      = {2001}
  }



@article{imielinski:jacm86,
 author = {Imieli\'{n}ski, Tomasz and Lipski,Jr., Witold},
 title = {Incomplete Information in Relational Databases},
 journal = {Journal of the ACM},
 volume = {31},
 number = {4},
 year = {1984},
 pages = {761--791}
 }

@inproceedings{gupta:icde10,
  author    = {Bhanu Pratap Gupta and
               Devang Vira and
               S. Sudarshan},
  title     = {X-data: Generating test data for killing SQL mutants},
  pages     = {876--879},
  booktitle = ICDE,
  year      = {2010}
  }

@inproceedings{binnig:icde08,
  author    = {Carsten Binnig and
               Donald Kossmann and
               Eric Lo and
               Angel Saenz-Badillos},
  title     = {Automatic Result Verification for the Functional Testing of a Query Language},
pages     = {1534--1536},
  booktitle = ICDE,
  year      = {2008}
  }
 
 @article{lo:vldbj10,
  author    = {Eric Lo and
               Carsten Binnig and
               Donald Kossmann and
               M. Tamer {\"O}zsu and
               Wing-Kai Hon},
  title     = {A framework for testing DBMS features},
  journal   = VLDBJ,
  volume    = {19},
   pages     = {203--230},
  number    = {2},
  year      = {2010}
  }




@article{herschel:pvldb10,
  author    = {Melanie Herschel and
               Mauricio A. Hern{\'a}ndez},
  title     = {Explaining Missing Answers to {SPJUA} Queries},
  journal   =  PVLDB,
    volume    = {3},
  number    = {1},
  year      = {2010},
  pages = {185--196}
}

@article{cui:tods00,
  author    = {Yingwei Cui and
               Jennifer Widom and
               Janet L. Wiener},
  title     = {Tracing the lineage of view data in a warehousing environment},
  journal   = TODS,
  volume    = {25},
  number    = {2},
  year      = {2000},
  pages = {179 -227}
  }


@inproceedings{cui:vldb01,
  author    = {Yingwei Cui and
               Jennifer Widom},
  title     = {Lineage Tracing for General Data Warehouse Transformations},
  booktitle = VLDB,
    pages     = {471--480},
  year      = {2001}
  }

  
  
  @article{huang:vldb08,
  author    = {Jiansheng Huang and
               Ting Chen and
               AnHai Doan and
               Jeffrey F. Naughton},
  title     = {On the provenance of non-answers to queries over extracted
               data},
  journal   =  PVLDB,
  volume    = {1},
  number    = {1},
  year      = {2008},
  pages = {736--747}
  }

@inproceedings{chapman:sigmod09,
  author    = {Adriane Chapman and
               H. V. Jagadish},
  title     = {Why not?},
  booktitle = SIGMOD,
  year      = {2009},
  pages = {523--534}
  }

@inproceedings{tran:sigmod10,
 author = {Quoc Trung Tran and Chee-Yong Chan},
 title = {How to {ConQueR} why-not questions},
 booktitle = SIGMOD,
 year = {2010},
 pages= {15--26}
 }
 
 @inproceedings{chawathe:icde98,
  author    = {Sudarshan S. Chawathe and
               Serge Abiteboul and
               Jennifer Widom},
  title     = {Representing and Querying Changes in Semistructured Data},
  booktitle = ICDE,
  pages     = {4--13},
    publisher = {IEEE Computer Society},
  year      = {1998}
  }

@article{bhagwat:vldbj05,
  author    = {Deepavali Bhagwat and
               Laura Chiticariu and
               Wang Chiew Tan and
               Gaurav Vijayvargiya},
  title     = {An annotation management system for relational databases},
  journal   = VLDBJ,
    volume    = {14},
    pages     = {373--396},
  number    = {4},
  year      = {2005}
  }

@inproceedings{alexe:pods10,
 author = {Bogdan Alexe and Phokion G. Kolaitis and Wang-Chiew Tan},
 title = {Characterizing schema mappings via data examples},
 pages     = {23:1--23:48},
 booktitle = {PODS Conference},
 year = {2010}
  }
 
 @inproceedings{olston:sigmod09,
 author = {Christopher Olston and Shubham Chopra and Utkarsh Srivastava},
 title = {Generating example data for dataflow programs},
 booktitle = SIGMOD,
  pages     = {245--256},
 year = {2009}
  }
 
 @inproceedings{islam:icde13,
  author    = {Md. Saiful Islam and
               Rui Zhou and
               Chengfei Liu},
  title     = {On answering why-not questions in reverse skyline queries},
  booktitle =  ICDE,
  year      = {2013},
  pages     = {973-984}
}



%-------------  purposes for provenance references -----------------%


@inproceedings {ragan:ieee15,
  author    = {Eric D. Ragan and Alex Endert and Jibonananda Sanyal and Jian Chen},
  title     = {Characterizing Provenance in Visualization and Data Analysis: An Organizational Framework of Provenance Types and Purposes },
 booktitle = TVCG,
  year      = {2015},
   pages     = {31--40}
  }


  
  
  @inproceedings{michlmayr:ISWC09,
  author    = {Anton Michlmayr and
               Florian Rosenberg and
               Philipp Leitner and
               Schahram Dustdar},
  title     = {Service Provenance in QoS-Aware Web Service Runtimes},
  booktitle = ICWS,
  pages     = {115--122},
  year      = {2009}
  }


  
   @inproceedings{reddy:USENIX06,
  author    = {Kiran-Kumar Muniswamy-Reddy and David A. Holland and Uri Braun and Margo Seltzer },
  title     = {Provenance-Aware Storage Systems},
  booktitle = USENIX,
  year      = {2006},
  pages     = {43--56}
  }
  

  
%  @article{buneman:edn2013,
%  author    = {Buneman and Davidson},
%  title     = {Book Data provenance--the foundation of data quality},
%  journal   = {EDN Journal},
%year      = {2013}
%  }
%  
  
    @inproceedings{hartig:ISWC2009,
  author    = {O. Hartig and J. Zhao},
  title     = {Using Web Data Provenance for Quality Assessment},
    year      = {2009},
    booktitle = SWPM,
  }
  
  
  
  
  @inproceedings{Ellkvist:spri08,
  author    = {Tommy Ellkvist and
               David Koop and
               Erik W. Anderson and
               Juliana Freire and
               Cl{\'{a}}udio T. Silva},
  title     = {Using Provenance to Support Real-Time Collaborative Design of Workflows},
  booktitle = IPAW,
  pages     = {266--279},
  year      = {2008}
}
  

@article{Nagappan2008,
author = {Nagappan, Meiyappan and Vouk, Mladen a},
journal = IPAW,
keywords = {confidentiality,provenance,workflow management tools},
pages = {62--69},
title = {{A Model for Sharing of Confidential Provenance Information in a Query Based System}},
year = {2008}
}

  
  
  @article{Moreau2011,
author = {Moreau, Luc},
journal = {Journal of Web Semantics},
number = {2},
pages = {202--221},
title = {Provenance-based reproducibility in the semantic web},
volume = {9},
year = {2011}
}
  

  
@inproceedings{Crawl2008,
  author    = {Daniel Crawl and
               Ilkay Altintas},
  title     = {A Provenance-Based Fault Tolerance Mechanism for Scientific Workflows},
  booktitle = IPAW, 
  pages     = {152--159},
  year      = {2008}
}
  
  
%   @article{Cheah2012,
%author = {Cheah and You Wei and Plale Beth},
%journal = {IEEE International Conference on E-Science},
%title = {Provenance analysis: Towards quality provenance},
%year = {2012}
%} 
%  

   @inproceedings{Cheah2012,
author = {Cheah and You Wei and Plale Beth},
booktitle= {IEEE International Conference on E-Science},
pages     = {1--8},
title = {Provenance analysis: Towards quality provenance},
year = {2012}
} 
  


    @inproceedings{Goble2002,
author = {Goble, Carole},
booktitle = {Workshop on Data Derivation and Provenance},
pages = {152--159},
title = {Position Statement: Musings on Provenance, Workflow and (Semantic Web) Annotations for Bioinformatics},
year = {2002}
}
  
    @inproceedings{Souilah09,
author = { Issam Souilah and  Adrian Francalanza and  Valadimiro Sassone},
booktitle = TAPP,
title = {A formal model of provenance in distributed systems},
year = {2009}
} 
  
  
@inproceedings{Chirigati2013,
author = {Chirigati, Fernando and Shasha, Dennis and Freire, Juliana},
booktitle = TAPP,
pages = {1--4},
title = {ReproZip: Using Provenance to Support Computational Reproducibility},
year = {2013}
}


@inproceedings {pham:tapp13,
author = {Quan Pham and Tanu Malik and Ian Foster},
title = {Using Provenance for Repeatability},
booktitle = TAPP,
year = {2013}
}


@inproceedings{Tylissanakis09,
author = { Tylissanakis and  Cotroni},
pages = {42--49},
title = {Data provenance and reproducibility in grid based scientific workflows},
year = {2009},
booktitle = GPC
}
  
 
  

  
 @book{Greenwood2003,
 author = {Baid, Akanksha and Wu, Wentao and Sun, Chong and Doan, AnHai and Naughton, Jeffrey F},
publisher= {In Simon J Cox, editor, Proc. UK e-Science All Hands Meeting (AHM'03)},
pages = {223--226},
title = {Provenance of e-science experiments - experience from bioinformatics},
year = {2003}
}



@inproceedings{Baid2015,
author = {Mark, Greenwood and Carole, Goble and Robert, Stevens and Jun, Zhao and Matthew, Addis and Darren, Marvin and Luc, Moreau and Tom, Oinn},
isbn = {9783893180677},
booktitle = EDBT,
pages = {37--48},
title = {On Debugging Non-Answers in Keyword Search Systems},
year = {2015}
}


@article{grust2012,
author    = {Torsten Grust and
               Jan Rittinger},
  title     = {Observing {SQL} queries in their natural habitat},
  journal   = TODS,
  volume    = {38},
  number    = {1},
  pages     = {3:1--3:33},
  year      = {2013},
}



%@article{Shields2004,
%author = {Shields, Matthew},
%pages = {1--10},
%journal={Grid Workflow 2004 Special Issue of Concurrency and Computation: Practice and Experience},
%title = {Programming Workflow with Triana Services},
%year = {2004}
%}


@inproceedings{Lipford2010,
author = {Lipford, Heather Richter and Stukes, Felesia and Dou, Wenwen and Hawkins, Matthew E. and Chang, Remco},
booktitle = {IEEE Conference on Visual Analytics Science and Technology (VAST)},
pages = {187--194},
title = {Helping users recall their reasoning process},
year = {2010}
}


@inproceedings{Chen2010,
author = {Chen, Yang and Barlowe, Scott and Yang, Jing},
pages = {155--162},
title = {Click2Annotate: Automated insight externalization with rich semantics},
year = {2010},
booktitle = VAST,
%booktitle = {IEEE Conference on Visual Analytics Science and Technology (VAST)},
}


@inproceedings{Lyle2010,
author = {Lyle, John and Martin, Andrew},
booktitle = TAPP,
title = {Trusted computing and provenance: better together},
year = {2010}
}
 
  
@inproceedings{Kohler2011,
  author    = {Sven K{\"{o}}hler and
               Sean Riddle and
               Daniel Zinn and
               Timothy M. McPhillips and
               Bertram Lud{\"{a}}scher},
  title     = {Improving Workflow Fault Tolerance through Provenance-Based Recovery},
  booktitle =  SSDBM,
  pages     = {207--224},
  year      = {2011}
}
  
  
  

  
  
  @inproceedings{Dai2008,
  author    = {Chenyun Dai and
               Dan Lin and
               Elisa Bertino and
               Murat Kantarcioglu},
  title     = {An Approach to Evaluate Data Trustworthiness Based on Data Provenance},
 pages     = {82--98},
  year      = {2008},
    booktitle = {SDM}
}
  
  
  
  
  
  
  %------------ requirements references --------------------------
  @article{Groth2012,
author = {Groth, Paul and Gil, Yolanda and Cheney, James and Miles, Simon},
journal = {International Journal of Digital Curation},
number = {1},
pages = {39--56},
title = {{Requirements for Provenance on the Web}},
volume = {7},
year = {2012}
}

@article{Barga2008,
author = {Barga, Roger S. and Digiampietri, Luciano A.},
journal = {Concurrency Computation Practice and Experience},
number = {5},
pages = {419--429},
title = {{Automatic capture and efficient storage of e-Science experiment provenance}},
volume = {20},
year = {2008}
}

@article{Chapman2008,
author = {Chapman, AP and Jagadish, HV and Ramanan, P},
journal = SIGMOD,
pages = {993--1006},
title = {Efficient provenance storage},
year = {2008}
}


@INPROCEEDINGS{Anand2010, 
author={M. K. Anand and S. Bowers and B. Ludäscher}, 
booktitle= ICDE,
title={Provenance browser: Displaying and querying scientific workflow provenance graphs}, 
year={2010}, 
pages={1201-1204}
}

@inproceedings{Cheung2006,
  author    = {Kwok Cheung and
               Jane Hunter},
  title     = {Provenance Explorer - Customized Provenance Views Using Semantic Inferencing},
  booktitle = ISWC,
  pages     = {215--227},
  year      = {2006}
  }


%@article{Szablocs2011,
%author = {Szablocs, Rozsnyai and Aleksander, Slominski and Yurdaer, Doganata},
%journal = {IBM Research Report},
%title = {Large-Scale Distributed Storage Systems for Business Provenance},
%volume = {RC25154},
%year = {2011}
%}

%@article{AnkurDave,
%author = {Ankur Dave, Matei Zaharia, Scott Shenker, Ion Stoica},
%title = {{Arthur: Rich Post-Facto Debugging for Production Analytics Applications}},
%}

@inproceedings{Ainy2015,
author = {Ainy, Eleanor and Bourhis, Pierre and Davidson, Susan B. and Deutch, Daniel and Milo, Tova},
booktitle = CIKM, 
pages = {483--492},
title = {Approximated Summarization of Data Provenance},
year = {2015}
}
@article{Interlandi2015,
author = {Interlandi, Matteo and Shah, Kshitij and Tetali, Sai Deep and Gulzar, Muhammad Ali and Yoo, Seunghyun and Kim, Miryung and Millstein, Todd and Condie, Tyson},
journal = PVLDB,
number = {3},
pages = {216--227},
title = {Titian: data provenance support in Spark},
volume = {9},
year = {2015}
}
@article{Deutch2014,
author = {Deutch, Daniel and Moskovitch, Yuval and Tannen, Val},
journal = {Proceedings of the VLDB Endowment},
number = {6},
pages = {457--468},
title = {A provenance framework for data-dependent process analysis},
volume = {7},
year = {2014}
}



@inproceedings{Alper2013,
 author = {Alper, Pinar and Belhajjame, Khalid and Goble, Carole A. and Karagoz, Pinar},
 title = {Enhancing and Abstracting Scientific Workflow Provenance for Data Publishing},
 booktitle = {EDBT/ICDT Workshops},
 year = {2013},
 pages = {313--318},
 } 



@article{Amsterdamer2011,
journal = PVLDB,
author = {Yael Amsterdamer and
Susan B. Davidson  and
Daniel Deutch and
Tova Milo  and
Julia Stoyanovich  and
Val Tannen},
pages = {346--357},
title = {Putting Lipstick on Pig : Enabling Database-style Workflow Provenance},
volume = {5},
year = {2011}
}

@inproceedings{Ikeda2011,
author = {Ikeda, Robert and Park, Hyunjung and Widom, Jennifer},
booktitle = CIDR,
pages = {273--283},
title = {Provenance for Generalized Map and Reduce Workflows},
year = {2011}
}



@inproceedings{AnandB10,
 author = {Anand, Manish Kumar and Bowers, Shawn and Lud\"{a}scher, Bertram},
 title = {Techniques for Efficiently Querying Scientific Workflow Provenance Graphs},
 booktitle =  EDBT,
 year = {2010},
 pages = {287--298}
 } 



@inproceedings{Missier2013,
 author = {Missier, Paolo and Dey, Saumen and Belhajjame, Khalid and Cuevas-Vicenttin, Victor and Lud\"{a}scher, Bertram},
 title = {D-PROV: Extending the PROV Provenance Model with Workflow Structure},
 booktitle = TAPP,
 year = {2013},
 pages = {9:1--9:7}
 } 


@inproceedings{Garijo2013,
  author    = {Daniel Garijo and
               {\'{O}}scar Corcho and
               Yolanda Gil},
  title     = {Detecting common scientific workflow fragments using templates and
               execution provenance},
  booktitle = {International Conference on Knowledge Capture (K-CAP)},
  pages     = {33--40},
  year      = {2013}
  }



@inproceedings{Karvounarakis2010,
  author    = {Grigoris Karvounarakis and
               Zachary G. Ives and
               Val Tannen},
  title     = {Querying data provenance},
  booktitle = SIGMOD,
  pages     = {951--962},
  year      = {2010}
}


@inproceedings{Akoush2013,
author = {Akoush, Sherif and Sohan, Ripduman and Hopper, Andy},
booktitle = TAPP,
title = {{HadoopProv: Towards Provenance As a First Class Citizen in MapReduce}},
year = {2013}
}



@inproceedings{Macko2011,
  author    = {Peter Macko and
               Marc Chiarini},
  title     = {{Collecting Provenance via the Xen Hypervisor}},
  booktitle = TAPP,
  year      = {2011}
}



@inproceedings{Muniswamy-Reddy2010,
  author    = {Kiran{-}Kumar Muniswamy{-}Reddy and
               Peter Macko and
               Margo I. Seltzer},
  title     = {{Provenance for the Cloud}},
  booktitle = {USENIX Conference on File and Storage Technologies (FAST)},
  pages     = {197--210},
  year      = {2010}
}



@article{Chebotko2008,
  author    = {Artem Chebotko and
               Shiyong Lu and
               Seunghan Chang and
               Farshad Fotouhi and
               Ping Yang},
  title     = {{Secure Abstraction Views for Scientific Workflow Provenance Querying}},
  journal   = {{IEEE} Transactions on Services Computing},
  volume    = {3},
  number    = {4},
  pages     = {322--337},
  year      = {2010}
  }


@article{Moreau11,
author = {Moreau, Luc and Freire, Juliana and Futrelle, Joe and McGrath, Robert and Myers, Jim and Paulson, Patrick},
journal = {Future Generation Computer Systems},
number = {6},
pages = {743--756},
title = {The Open Provenance Model},
volume = {27},
year = {2011}
}




@article{David08,
author = {David, A and Braun, Uri and Maclean, Diana and Seltzer, Margo I and City, Salt Lake and Freire, Juliana and Moreau, Luc and Springer, Berlin and Issue, Special},
title = {Choosing a Data Model and Query Language for Provenance},
Journal={ International Provenance and Annotation Workshop ( IPAW )},
year = {2008},
}

@article{Gadelha2011,
author = {Gadelha, Luiz M R and Clifford, Ben and Mattoso, Marta and Wilde, Michael and Foster, Ian},
journal = {Future Generation Computer Systems},
number = {6},
pages = {775--780},
title = {{Provenance management in Swift}},
volume = {27},
year = {2011}
}
  


@inproceedings{Wylot2014,
  author    = {Marcin Wylot and
               Philippe Cudr{\'{e}}{-}Mauroux and
               Paul T. Groth},
  title     = {TripleProv: efficient processing of lineage queries in a native {RDF}
               store},
  booktitle = WWW,
    pages     = {455--466},
  year      = {2014}
  }
  
  
@article{Bowers07,
  author    = {Shawn Bowers and
               Timothy M. McPhillips and
               Bertram Lud{\"{a}}scher},
  title     = {Provenance in collection-oriented scientific workflows},
  journal   = {Concurrency and Computation: Practice and Experience},
  volume    = {20},
  number    = {5},
  pages     = {519--529},
  year      = {2008},
}



@inproceedings{Craw11,
  author    = {Daniel Crawl and
               Jianwu Wang and
               Ilkay Altintas},
  title     = {Provenance for MapReduce-based data-intensive workflows},
    pages     = {21--30},
  year      = {2011},
    booktitle = {WORKS},
 }



@article{Kemper1990,
author = {Kemper, Alfons and Moerkotte, Guido},
journal = {ACM SIGMOD Record},
number = {2},
pages = {364--374},
title = {Access support in object bases},
volume = {19},
year = {1990}
}


@inproceedings{Suen2013,
  author    = {Chun Hui Suen and
               Ryan K. L. Ko and
               Yu Shyang Tan and
               Peter Jagadpramana and
               Bu{-}Sung Lee},
  title     = {S2Logger: End-to-End Data Tracking Mechanism for Cloud Data Provenance},
  booktitle = {IEEE International Conference on Trust, Security and Privacy in Computing and Communications (TrustCom)},
  pages     = {594--602},
  year      = {2013}
}

@inproceedings{Curbera2008,
  author    = {Francisco Curbera and
               Yurdaer N. Doganata and
               Axel Martens and
               Nirmal Mukhi and
               Aleksander Slominski},
  title     = {Business Provenance - {A} Technology to Increase Traceability of End-to-End
               Operations},
  booktitle = {On the Move to Meaningful Internet Systems {OTM}},
  pages     = {100--119},
  year      = {2008}
}



@inproceedings{Huq2013,
  author    = {Mohammad Rezwanul Huq and
               Peter M. G. Apers and
               Andreas Wombacher},
  title     = {ProvenanceCurious: a tool to infer data provenance from scripts},
  booktitle =  EDBT,
  pages     = {765--768},
  year      = {2013}
}

@inproceedings{Ko2014,
author = {Ko, Ryan K L and Will, Mark A.},
booktitle = CLOUD, 
pages = {881--889},
title = {{Progger: An efficient, tamper-evident kernel-space logger for cloud data provenance tracking}},
year = {2014}
}



@inproceedings{Lerner2014,
  author    = {Barbara Lerner and
               Emery R. Boose},
  title     = {{RDataTracker}: Collecting Provenance in an Interactive Scripting Environment},
  booktitle =  TAPP,
  year      = {2014},
  pages = {1--4}
}




@inproceedings{borzsony2001skyline,
  author    = {Stephan B{\"{o}}rzs{\"{o}}nyi and
               Donald Kossmann and
               Konrad Stocker},
  title     = {The Skyline Operator},
  booktitle = ICDE, 
   pages     = {421--430},
  year      = {2001}
  }


@article{Kulkarni2013,
author = {Kulkarni, Devdatta},
journal =  TAPP,
pages = {12:1--12:4},
title = {A Provenance Model for Key-value Systems},
year = {2013}
}



@inproceedings{Alkhaldi2015,
author = {Alkhaldi, Ala' and Gupta, Indranil and Raghavan, Vaijayanth and Ghosh, Mainak},
booktitle  = CLOUD, 
pages = {57--64},
title = {Leveraging Metadata in No SQL Storage Systems},
year = {2015}
}


@article{Bork13,
author = {Borkin, Michelle A. and Yeh, Chelsea S. and Boyd, Madelaine and Macko, Peter and Gajos, Krzysztof Z. and Seltzer, Margo and Pfister, Hanspeter},
journal = TVCG, 
number = {12},
pages = {2476--2485},
title = {Evaluation of filesystem provenance visualization tools},
volume = {19},
year = {2013}
}




@article{Callahan06,
author = {Callahan, Steven P. and Freire, Juliana and Santos, Emanuele and Scheidegger, Carlos E. and Silva, Cl\'{a}udio T. and Vo, Huy T.},
journal = SIGMOD, 
pages = {745--747},
title = {VisTrails : Visualization meets Data Management},
year = {2006}
}

@inproceedings{Seltz11,
  author    = {Peter Macko and
               Margo Seltzer},
  title     = {Provenance Map Orbiter: Interactive Exploration of Large Provenance Graphs},
  booktitle = TAPP,
  year      = {2011}
}



@article{Olston11,
  author    = {Christopher Olston and
               Benjamin Reed},
  title     = {Inspector Gadget: {A} Framework for Custom Monitoring and Debugging of Distributed Dataflows},
  journal   =PVLDB,
  volume    = {4},
  number    = {12},
  pages     = {1237--1248},
  year      = {2011}
  }



@inproceedings{Aman13,
 author = {Amann, Bernd and Constantin, Camelia and Caron, Cl{\'e}ment and Giroux, Patrick},
 title = {WebLab PROV: Computing Fine-grained Provenance Links for XML Artifacts},
 booktitle =  {EDBT/ICDT Workshops},
 year = {2013},
 pages = {298--306}
 } 



@article{simmhan08,
author = {Simmhan, Yogesh L and Plale, Beth and Gannon, Dennis},
journal = {International Journal of Web Services Research},
number = {10},
pages = {1--23},
title = {Karma2: Provenance Management for Data Driven Workflows},
volume = {5},
year = {2008}
}

@article{McPhillips2009,
 author = {McPhillips, Timothy and Bowers, Shawn and Zinn, Daniel and Lud\"{a}scher, Bertram},
 title = {Scientific Workflow Design for Mere Mortals},
 journal = {Future Generation Computer Systems},
 volume = {25},
 number = {5},
 year = {2009},
 pages = {541--551},
 }


@inproceedings{miss08,
  author    = {Paolo Missier and
               Khalid Belhajjame and
               Jun Zhao and
               Marco Roos and
               Carole A. Goble},
  title     = {Data Lineage Model for Taverna Workflows with Lightweight Annotation
               Requirements},
  booktitle = IPAW,
  pages     = {17--30},
  year      = {2008}
}

@inproceedings{Altintas2006,
author = {Altintas, Ilkay and Barney, Oscar and Jaeger-Frank, Efrat},
booktitle = IPAW, 
pages = {118--132},
title = {Provenance collection support in the Kepler scientific workflow system},
year = {2006}
}

@inproceedings{Olston2008,
author = {Olston, Christopher and Reed, Benjamin and Srivastava, Utkarsh and Kumar, Ravi and Tomkins, Andrew},
booktitle = SIGMOD,
 pages     = {1099--1110},
 title = {Pig Latin: A Not-So-Foreign Language for Data Processing},
year = {2008}
}

@inproceedings{Zaharia2010,
author = {Zaharia, Matei and Chowdhury, Mosharaf and Franklin, Michael J and Shenker, Scott and Stoica, Ion},
booktitle = {USENIX conference on Hot topics in cloud computing (HotCloud)},
title = {Spark : Cluster Computing with Working Sets},
year = {2010}
}

@inproceedings{Agrawal:2000:ASM,
 author = {Agrawal, Sanjay and Chaudhuri, Surajit and Narasayya, Vivek R.},
 title = {Automated Selection of Materialized Views and Indexes in SQL Databases},
booktitle = VLDB,
 year = {2000},
 pages = {496--505}
} 
  
@inproceedings{Camacho-Rodriguez:2016,
 author = {Camacho-Rodriguez, Jes\'{u}s and Colazzo, Dario and Herschel, Melanie and Manolescu, Ioana and Roy Chowdhury, Soudip},
 title = {Reuse-based Optimization for Pig Latin},
 booktitle = CIKM,
 year = {2016},
 pages = {2215--2220}
 } 

@article{Giannikis:2014,
 author = {Giannikis, Georgios and Makreshanski, Darko and Alonso, Gustavo and Kossmann, Donald},
 title = {Shared Workload Optimization},
 journal = {Proc. VLDB Endow.},
 volume = {7},
 number = {6},
 year = {2014},
 pages = {429--440},
 publisher = {VLDB},
} 

@inproceedings{GlasbergenADFP18,
  author    = {Brad Glasbergen and
               Michael Abebe and
               Khuzaima Daudjee and
               Scott Foggo and
               Anil Pacaci},
  title     = {Apollo: Learning Query Correlations for Predictive Caching in Geo-Distributed
               Systems},
  booktitle = EDBT,
  pages     = {253--264},
  year      = {2018}
}

@inproceedings{Battle:2016,
 author = {Battle, Leilani and Chang, Remco and Stonebraker, Michael},
 title = {Dynamic Prefetching of Data Tiles for Interactive Visualization},
 series = SIGMOD,
 year = {2016},
 pages = {1363--1375}
 }

@inproceedings{Martens2012,
  author    = {Axel Martens and
               Aleksander Slominski and
               Geetika T. Lakshmanan and
               Nirmal Mukhi},
  title     = {Advanced Case Management Enabled by Business Provenance},
  booktitle = ICWS,
    pages     = {639--641},
  year      = {2012}
}
  
  @inproceedings {Diestlkamper19,
author = {Ralf Diestelk{\"a}mper and Boris Glavic and Melanie Herschel and Seokki Lee},
title = {Query-based Why-not Explanations for Nested Data},
booktitle = TAPP,
year = {2019},
}

%@inproceedings{diestelkamper2017provenance,
%  author = {Diestelk{\"a}mper, Ralf and Herschel, Melanie and Jadhav, Priyanka},
%  booktitle = TAPP,
%  title = {{Provenance in DISC Systems: Reducing Space Overhead at Runtime}},
%  year = 2017
%}

@inproceedings{diestelkamper2020,
  author = {Diestelk{\"a}mper, Ralf and Herschel, Melanie},
  booktitle = EDBT,
  title = {Tracing nested data with structural provenance for big data analytics},
  pages     = {253--264},
  year      = {2020},
}



  
@inproceedings{Yogesh2006,
  author    = {Yogesh L. Simmhan and
               Beth Plale and
               Dennis Gannon},
  title     = {A Framework for Collecting Provenance in Data-Centric Scientific Workflows},
  booktitle = ICWS,
  pages     = {427--436},
  year      = {2006}
}


@INPROCEEDINGS{Cao2009, 
author={Bin Cao and Beth Plale and Girish Subramanian and Yogesh Simmhan}, 
booktitle={Congress on Services - I ({SERVICES})}, 
title={Provenance Information Model of {Karma} Version 3}, 
year={2009}, 
pages={348--351},
}

@inproceedings{Groth2005,
author = {Groth, Paul and Miles, Simon and Fang, Weijian and Wong, Sylvia C. and Zauner, Klaus-Peter and Moreau, Luc},
booktitle = HPDC,
pages = {201--208},
title = {Recording and using provenance in a protein compressibility experiment},
year = {2005}
}



@INPROCEEDINGS{Bavoil2005, 
author={L. Bavoil and S. P. Callahan and P. J. Crossno and J. Freire and C. E. Scheidegger and C. T. Silva and H. T. Vo}, 
booktitle= VIS,
title={VisTrails: enabling interactive multiple-view visualizations}, 
year={2005}, 
pages={135--142}
}


@inproceedings{Missier201,
author = {Missier, Paolo and Paton, Norman W and Belhajjame, Khalid},
booktitle = EDBT,
pages = {299--310},
title = {Fine-grained and efficient lineage querying of collection-based workflow provenance},
year = {2010}
}



@article{Oinn2004,
  author    = {Thomas M. Oinn and
               Matthew Addis and
               Justin Ferris and
               Darren Marvin and
               Martin Senger and
               R. Mark Greenwood and
               Tim Carver and
               Kevin Glover and
               Matthew R. Pocock and
               Anil Wipat and
               Peter Li},
  title     = {Taverna: a tool for the composition and enactment of bioinformatics workflows},
  journal   = {Bioinformatics},
  volume    = {20},
  number    = {17},
  pages     = {3045--3054},
  year      = {2004},
}

  @inproceedings{Caro2014,
author = {Clement Caron and
               Bernd Amann and
               Camelia Constantin and
               Patrick Giroux},
booktitle = EDBT,
pages = {664--667},
title = {WePIGE: The Weblab provenance information generator and explorer},
year = {2014}
}


@book{White2015,
author = {White, Tom},
edition = {4th},
pages = {765},
publisher = {O'Reilly Media},
title = {Hadoop: The Definitive Guide},
year = {2015}
}

@inproceedings{Bowers2008,
  author    = {Shawn Bowers and
               Timothy M. McPhillips and
               Sean Riddle and
               Manish Kumar Anand and
               Bertram Lud{\"{a}}scher},
  title     = {{Kepler/pPOD}: Scientific Workflow and Provenance Support for Assembling
               the Tree of Life},
  booktitle = IPAW, 
   pages     = {70--77},
  year      = {2008}
  }


@article{Goecks2010,
author = {Goecks, Jeremy and Nekrutenko, Anton and Taylor, James},
journal = {Genome biology},
number = {8},
pages = {R86},
title = {Galaxy: a comprehensive approach for supporting accessible, reproducible, and transparent computational research in the life sciences.},
volume = {11},
year = {2010}
}

@inproceedings{Logothetis2013,
author = {Logothetis, Dionysios and De, Soumyarupa and Yocum, Kenneth},
booktitle = {Symposium on Cloud Computing (SOCC)},
pages = {1--15},
title = {Scalable lineage capture for debugging DISC analytics},
year = {2013}
}

@article{Tan07,
  author = {Tan, Wang Chiew},
  date = {2007-12-22},
  journal = {IEEE Data Engineering Bulletin},
  number = {4},
  pages = {3-12},
  title = {Provenance in Databases: Past, Current, and Future.},
  volume = {30},
  year = {2007}
}

@inproceedings{Dey2015,
 author = {Dey, Saumen and Belhajjame, Khalid and Koop, David and Raul, Meghan and Lud\"{a}scher, Bertram},
 title = {Linking Prospective and Retrospective Provenance in Scripts},
 booktitle =  TAPP,
 year = {2015},
 }



@article{Oinn:2006,
  author    = {Thomas M. Oinn and
               R. Mark Greenwood and
               Matthew Addis and
               M. Nedim Alpdemir and
               Justin Ferris and
               Kevin Glover and
               Carole A. Goble and
               Antoon Goderis and
               Duncan Hull and
               Darren Marvin and
               Peter Li and
               Phillip W. Lord and
               Matthew R. Pocock and
               Martin Senger and
               Robert Stevens and
               Anil Wipat and
               Chris Wroe},
  title     = {Taverna: lessons in creating a workflow environment for the life sciences},
  journal   = {Concurrency and Computation: Practice and Experience},
  volume    = {18},
  number    = {10},
  pages     = {1067--1100},
  year      = {2006}
}



@inproceedings{dellis:vldb07,
  author    = {Evangelos Dellis and
               Bernhard Seeger},
  title     = {Efficient Computation of Reverse Skyline Queries},
  booktitle = VLDB,
  pages     = {291--302},
  year      = {2007},
}

@inproceedings{chester:edbt15,
  author    = {Sean Chester and
               Ira Assent},
  title     = {Explanations for Skyline Query Results},
  booktitle = EDBT,
  pages     = {349--360},
  year      = {2015},
 }


@inproceedings{amsterdamer:pods11,
  author    = {Yael Amsterdamer and
               Daniel Deutch and
               Val Tannen},
  title     = {Provenance for aggregate queries},
  booktitle = PODS,
   pages     = {153--164},
  year      = {2011}
  }

@inproceedings{amsterdamer:tapp11,
  author    = {Yael Amsterdamer and
               Daniel Deutch and
               Val Tannen},
  title     = {On the Limitations of Provenance for Queries with Difference},
  booktitle = TAPP,
  year      = {2011}
  }

@inproceedings{Zhao06,
  author    = {Yong Zhao and
               Michael Wilde and
               Ian T. Foster},
  title     = {Applying the Virtual Data Provenance Model},
  booktitle = IPAW,
  pages     = {148--161},
  year      = {2006}
  }


@article{McPhillips15,
  author    = {Timothy M. McPhillips and
               Tianhong Song and
               Tyler Kolisnik and
               Steve Aulenbach and
               Khalid Belhajjame and
               Kyle Bocinsky and
               Yang Cao and
               Fernando Chirigati and
               Saumen C. Dey and
               Juliana Freire and
               Deborah N. Huntzinger and
               Christopher Jones and
               David Koop and
               Paolo Missier and
               Mark Schildhauer and
               Christopher R. Schwalm and
               Yaxing Wei and
               James Cheney and
               Mark Bieda and
               Bertram Lud{\"{a}}scher},
  title     = {{YesWorkflow}: {A} User-Oriented, Language-Independent Tool for Recovering
               Workflow Information from Scripts},
  journal   = {International Journal of Digital Curation},
  volume    = {10},
  number    = {1},
  year      = {2015},
  pages     = {298--313},
}

@inproceedings{Murta14,
  author    = {Leonardo Murta and
               Vanessa Braganholo and
               Fernando Chirigati and
               David Koop and
               Juliana Freire},
  title     = {{noWorkflow}: Capturing and Analyzing Provenance of Scripts},
  booktitle = IPAW,
  pages     = {71--83},
  year      = {2014}
  }
  
@proceedings{DBLP:conf/ipaw/2014,
  editor    = {Bertram Lud{\"{a}}scher and
               Beth Plale},
  title     = {Provenance and Annotation of Data and Processes - 5th International
               Provenance and Annotation Workshop, {IPAW} 2014, Cologne, Germany,
               June 9-13, 2014. Revised Selected Papers},
  series    = {Lecture Notes in Computer Science},
  volume    = {8628},
  publisher = {Springer},
  year      = {2015},
}

@inproceedings{Angelino10,
  author    = {Elaine Angelino and
               Daniel Yamins and
               Margo I. Seltzer},
  title     = {StarFlow: {A} Script-Centric Data Analysis Environment},
  booktitle =  IPAW,
  pages     = {236--250},
  year      = {2010}
  }


@article{Thusoo2009,
 author = {Thusoo, Ashish and Sarma, Joydeep Sen and Jain, Namit and Shao, Zheng and Chakka, Prasad and Anthony, Suresh and Liu, Hao and Wyckoff, Pete and Murthy, Raghotham},
 title = {Hive: A Warehousing Solution over a Map-reduce Framework},
 journal = PVLDB,
 volume = {2},
 number = {2},
 year = {2009},
 pages = {1626--1629}
 }


%%%%%%%%%%%%Melanie citation%%%%%%%%%%%%%%
@inproceedings{Alvaro2015,
author = {Alvaro, Peter and Rosen, Joshua and Hellerstein, Joseph M},
booktitle = SIGMOD,
title = {Lineage-driven Fault Injection},
year = {2015},
pages = {331--346}
}


@article{Lamport1978,
author = {Lamport, Leslie},
journal = {Communications of the ACM},
number = {7},
pages = {558--565},
title = {Time, Clocks, and the Ordering of Events in a Distributed System},
volume = {21},
year = {1978}
}

@inproceedings{Roy2013,
  author    = {Sudeepa Roy and
               Laura Chiticariu and
               Vitaly Feldman and
               Frederick Reiss and
               Huaiyu Zhu},
  title     = {Provenance-based dictionary refinement in information extraction},
  booktitle = SIGMOD, 
  pages     = {457--468},
  year      = {2013}
}



%%%%%%%%%%%%%%last works%%%%%%%%%%%%%%%%%%%%%
@article{DeNies2015,
author = {{De Nies}, Tom and Taxidou, Io and Dimou, Anastasia and Verborgh, Ruben and Fischer, Peter M and Mannens, Erik and de Walle, Rik},
isbn = {978-1-4503-3794-6},
journal = CIKM,
pages = {1823--1826},
title = {Towards Multi-level Provenance Reconstruction of Information Diffusion on Social Media},
year = {2015}
}


@article{Wylot2015,
author = {Wylot, Marcin and Cudr, Philippe and Groth, Paul},
journal = {Proceedings of the 41st International Conference on Very Large Data Bases},
pages = {1992--1995},
title = {A Demonstration of TripleProv : Tracking and Querying Provenance over Web Data},
year = {2015}
}



@article{Wylot2015a,
author = {Wylot, Marcin and Cudr{\'{e}}-Mauroux, Philippe and Groth, Paul T},
journal = {WWW},
pages = {1275--1285},
title = {Executing Provenance-Enabled Queries over Web Data},
year = {2015}
}



@inproceedings{Nies2013,
author = {Nies, Tom De and Coppens, Sam and Verborgh, Ruben and Sande, Miel Vander and Mannens, Erik and Walle, Rik Van De and Nies, De and Sande, Vander and Walle, Van De and Access, L Easy and Towards, Step},
title = {Easy Access to Provenance: an Essential Step Towards Trust on the Web},
booktitle = {Computer Software and Applications Conference Workshops (COMPSACW)},
pages     = {218--223},
year = {2013}
}



@article{Glavic2009,
author = {Glavic, Boris and Alonso, Gustavo},
journal =EDBT,
pages     = {982--993},
title = {Provenance for nested subqueries},
year = {2009}
}


@article{Zaharia2012,
author = {Zaharia, Matei and Chowdhury, Mosharaf and Das, Tathagata and Dave, Ankur},
journal = {USENIX conference on Networked Systems Design and Implementation (NSDI)},
pages = {2--2},
title = {{Resilient distributed datasets: A fault-tolerant abstraction for in-memory cluster computing}},
year = {2012},
}



@article{Taxidou2015,
author = {Taxidou, I and Nies, T De and Verborgh, R},
journal = {World Wide Web Companion (WWW)},
pages     = {819--824},
title = {{Modeling Information Diffusion in Social Media as Provenance with W3C PROV}},
year = {2015}
}



@inproceedings{Dimou2014,
  author    = {Anastasia Dimou and
               Miel Vander Sande and
               Pieter Colpaert and
               Ruben Verborgh and
               Erik Mannens and
               Rik Van de Walle},
  title     = {{RML:} {A} Generic Language for Integrated {RDF} Mappings of Heterogeneous
               Data},
  booktitle = {LDOW},
  year      = {2014},
  }


@article{Myers2012,
author = {Myers, James and Groth, P},
Journal={Technical report, W3C Working Draft},
title = {{An Overview on PROV-AQ : Provenance Access and Query}},
year = {2012}
}


@book{batini:2006,
 author = {Batini, Carlo and Scannapieco, Monica},
 title = {{Data Quality: Concepts, Methodologies and Techniques}},
 year = {2006},
 publisher = {Springer-Verlag New York, Inc.}
} 



@article{Wang:1996,
  author    = {Richard Y. Wang and
               Diane M. Strong},
  title     = {{Beyond Accuracy: What Data Quality Means to Data Consumers}},
  journal   = {Journal of Management Information Systems},
  volume    = {12},
  number    = {4},
  pages     = {5--33},
  year      = {1996}
  }


@inproceedings{Krishnan:16,
 author = {Krishnan, Sanjay and Wang, Jiannan and Franklin, Michael J. and Goldberg, Ken and Kraska, Tim},
 title = {PrivateClean: Data Cleaning and Differential Privacy},
 booktitle = SIGMOD, 
 year = {2016},
 pages = {937--951}
 }





@inproceedings{Hlawatsch:2015,
 author = {Hlawatsch, Marcel and Burch, Michael and Beck, Fabian and Freire, Juliana and Silva, Claudio and Weiskopf, Daniel},
 title = {Visualizing the Evolution of Module Workflows},
 booktitle = {International Conference on Information Visualisation (IV)},
 year = {2015},
 pages = {40--49}
  }



@article{Muller:2015,
 author = {M\"{u}ller, Tobias and Grust, Torsten},
 title = {Provenance for {SQL} Through Abstract Interpretation: Value-less, but Worthwhile},
 journal =  PVLDB,
 volume = {8},
 number = {12},
 year = {2015},
 pages = {1872--1875}
 }




@article{bidoit:pvldb15,
 author = {Bidoit, Nicole and Herschel, Melanie and Tzompanaki, Katerina},
 title = {{EFQ:} Why-not Answer Polynomials in Action},
 journal = PVLDB,
  volume = {8},
 number = {12},
 year = {2015},
 pages = {1980--1983}
 } 

@article{Chothia2016,
author = {Chothia, Zaheer and Liagouris, John and McSherry, Frank and Roscoe, Timothy},
journal = PVLDB,
number = {12},
pages = {1137--1148},
title = {Explaining outputs in modern data analytics},
volume = {9},
year = {2016}
}

@inproceedings{Pimentel2016,
author = {Pimentel, Jo\~{a}o Felipe and Freire, Juliana and Murta, Leonardo and Braganholo, Vanessa},
booktitle = IPAW,
title = {Fine-Grained Provenance Collection over Scripts Through Program Slicing},
year = {2016},
pages = {199--203},
}

@inproceedings{Tariq2012,
author = {Tariq, Dawood and Ali, Maisem and Gehani, Ashish},
booktitle = TAPP,
title = {Towards automated collection of application-level data provenance},
year = {2012}
}

@inproceedings{Pimentel2016a,
  author    = {Jo{\~{a}}o Felipe Pimentel and
               Juliana Freire and
               Vanessa Braganholo and
               Leonardo Murta},
  title     = {Tracking and Analyzing the Evolution of Provenance from Scripts},
  booktitle = IPAW,
  pages     = {16--28},
  year      = {2016}
}



@inproceedings{Pimentel2016b,
author = {Pimentel, Jo{\~{a}}o Felipe and Dey, Saumen and McPhillips, Timothy and Belhajjame, Khalid and Koop, David and Murta, Leonardo and Braganholo, Vanessa and Lud{\"{a}}scher, Bertram},
booktitle = IPAW,
title = {Yin {\&} Yang: Demonstrating Complementary Provenance from {noWorkflow} {\&} {YesWorkflow}},
year = {2016},
pages = {161--165}
}


@inproceedings{Glavic2013,
  author    = {Boris Glavic and
               Kyumars Sheykh Esmaili and
               Peter Michael Fischer and
               Nesime Tatbul},
  title     = {Ariadne: managing fine-grained provenance on data streams},
  booktitle = DEBS,
    pages     = {39--50},
  year      = {2013}
  }



@inproceedings{Arab:16,
 author = {Arab, Bahareh Sadat and Gawlick, Dieter and Krishnaswamy, Vasudha and Radhakrishnan, Venkatesh and Glavic, Boris},
 title = {Reenactment for Read-Committed Snapshot Isolation},
 booktitle = CIKM, 
 year = {2016},
 pages = {841--850}
 }

@inproceedings{Niu:2015:IPD,
 author = {Niu, Xing and Kapoor, Raghav and Glavic, Boris and Gawlick, Dieter and Liu, Zhen Hua and Krishnaswamy, Vasudha and Radhakrishnan, Venkatesh},
 title = {Interoperability for Provenance-aware Databases Using {PROV} and {JSON}},
 booktitle = TAPP,
 year = {2015},
 } 


 
 @article{Deelman2005,
  author    = {Ewa Deelman and
               Gurmeet Singh and
               Mei{-}Hui Su and
               James Blythe and
               Yolanda Gil and
               Carl Kesselman and
               Gaurang Mehta and
               Karan Vahi and
               G. Bruce Berriman and
               John Good and
               Anastasia C. Laity and
               Joseph C. Jacob and
               Daniel S. Katz},
  title     = {Pegasus: {A} framework for mapping complex scientific workflows onto
               distributed systems},
  journal   = {Scientific Programming},
  volume    = {13},
  number    = {3},
  pages     = {219--237},
  year      = {2005}
}


@inproceedings{Lim2010,
author = {Lim, Chunhyeok and Lu, Shiyong and Chebotko, Artem and Fotouhi, Farshad},
booktitle = {2010 IEEE International Conference on Services Computing},
pages = {449--456},
publisher = {IEEE},
title = {Prospective and Retrospective Provenance Collection in Scientific Workflow Environments},
year = {2010}
}



@article{Zhou:2012:DT,
 author = {Zhou, Wenchao and Mapara, Suyog and Ren, Yiqing and Li, Yang and Haeberlen, Andreas and Ives, Zachary and Loo, Boon Thau and Sherr, Micah},
 title = {Distributed Time-aware Provenance},
 journal = PVLDB,
 volume = {6},
 number = {2},
 year = {2012},
 pages = {49--60}
 } 



@inproceedings{Zhou:2011:SNP,
 author = {Zhou, Wenchao and Fei, Qiong and Narayan, Arjun and Haeberlen, Andreas and Loo, Boon Thau and Sherr, Micah},
 title = {Secure Network Provenance},
booktitle = {ACM Symposium on Operating Systems Principles (SOPS)},
 year = {2011},
 pages = {295--310}
 } 





@inproceedings{Biton:2008,
 author = {Biton, Olivier and Cohen-Boulakia, Sarah and Davidson, Susan B. and Hara, Carmem S.},
 title = {Querying and Managing Provenance Through User Views in Scientific Workflows},
 booktitle = ICDE,
 year = {2008},
 pages = {1072--1081},
 } 



@inproceedings{Dey2011,
  author    = {Saumen C. Dey and
               Daniel Zinn and
               Bertram Lud{\"{a}}scher},
  title     = {ProPub: Towards a Declarative Approach for Publishing Customized,
               Policy-Aware Provenance},
  booktitle =  SSDBM,
  pages     = {225--243},
  year      = {2011}
}


@inproceedings{Freire2006,
  author    = {Juliana Freire and
               Cl{\'{a}}udio T. Silva and
               Steven P. Callahan and
               Emanuele Santos and
               Carlos Eduardo Scheidegger and
               Huy T. Vo},
  title     = {Managing Rapidly-Evolving Scientific Workflows},
  booktitle = IPAW,
  pages     = {10--18},
  year      = {2006}
}

@inproceedings{Oliveira2016,
author = {Oliveira, Wellington and Missier, Paolo and Oca{\~{n}}a, Kary and de Oliveira, Daniel and Braganholo, Vanessa},
booktitle =  IPAW,
pages = {57--70},
title = {Analyzing Provenance Across Heterogeneous Provenance Graphs},
year = {2016}
}

@article{Missier2011,
author = {Missier, Paolo and Goble, Carole},
journal = {Future Generation Computer Systems},
number = {6},
pages = {812--819},
title = {Workflows to open provenance graphs, round-trip},
volume = {27},
year = {2011}
}

@article{Tan2010,
author = {Tan, Wei and Missier, Paolo and Foster, Ian and Madduri, Ravi and {De Roure}, David and Goble, Carole},
journal = {Concurrency Computation Practice and Experience},
number = {9},
pages = {1098--1117},
title = {A comparison of using Taverna and BPEL in building scientific workflows: The case of caGrid},
volume = {22},
year = {2010}
}

@inproceedings{Acar2010,
author = {Acar, Umut and Buneman, Peter and Cheney, James and {Van Den Bussche}, Jan and Kwasnikowska, Natalia and Vansummeren, Stijn},
booktitle = TAPP,
title = {A graph model of data and workflow provenance},
year = {2010}
}

@inproceedings{Chirigati2012,
author = {Chirigati, Fernando and Freire, Juliana},
booktitle = IPAW,
pages = {11--23},
publisher = {Springer},
title = {Towards Integrating Workflow and Database Provenance},
year = {2012}
}

%%%%%%%%%%%%%%%added after review%%%%%%%%%%%%%%%
@inproceedings{WuPMZR17,
  author    = {Eugene Wu and
               Fotis Psallidas and
               Zhengjie Miao and
               Haoci Zhang and
               Laura Rettig},
  title     = {Combining Design and Performance in a Data Visualization Management
               System},
               booktitle = CIDR,
  year = {2017}
}


@inproceedings{Nguyen2014,
author={Nguyen, Dang
and Park, Jaehong
and Sandhu, Ravi},
title={Adopting Provenance-Based Access Control in OpenStack Cloud IaaS},
year={2014},
pages={15--27},
bookTitle={Conference on Network and System Security (NSS)},
}


@inproceedings{Fehrenbach:2016:LP,
 author = {Fehrenbach, Stefan and Cheney, James},
 title = {{Language-integrated Provenance}},
 booktitle = {Symposium on Principles and Practice of Declarative Programming (PPDP)},
 year = {2016},
 pages = {214--227}
} 


@inproceedings{Cooper:06,
 author = {Cooper, Ezra and Lindley, Sam and Wadler, Philip and Yallop, Jeremy},
 title = {Links: Web Programming Without Tiers},
 booktitle = {Conference on Formal Methods for Components and Objects (FMCO)},
 year = {2006},
 pages = {266--296},
}
@inproceedings{Alper:2016:AVM,
 author = {Alper, Pinar and Belhajjame, Khalid and Goble, Carole A.},
 title = {Automatic vs Manual Provenance Abstractions: Mind the Gap},
 booktitle = TAPP,
 year = {2016},
 pages = {34--39},
} 

@inproceedings{Missier2015,
author="Missier, Paolo
and Bryans, Jeremy
and Gamble, Carl
and Curcin, Vasa
and Danger, Roxana",
title={ProvAbs: Model, Policy, and Tooling for Abstracting PROV Graphs},
bookTitle= IPAW,
year="2014",
pages="3--15",
}


@inproceedings{Nguyen:2012:DPP:23,
 author = {Nguyen, Dang and Park, Jaehong and Sandhu, Ravi},
 title = {Dependency Path Patterns As the Foundation of Access Control in Provenance-aware Systems},
 booktitle = TAPP,
 year = {2012},
} 

@inproceedings{Cadenhead:2011:LPA,
 author = {Cadenhead, Tyrone and Khadilkar, Vaibhav and Kantarcioglu, Murat and Thuraisingham, Bhavani},
 title = {{A Language for Provenance Access Control}},
 booktitle = CODASPY,
 year = {2011},
 pages = {133--144},
 %booktitle = {ACM Conference on Data and Application Security and Privacy (CODASPY)},
}

@inproceedings{Ni2009,
author="Ni, Qun
and Xu, Shouhuai
and Bertino, Elisa
and Sandhu, Ravi
and Han, Weili",
title={An Access Control Language for a General Provenance Model},
bookTitle="Workshop on Secure Data Management (SDM)",
year="2009",
pages="68--88",
%bookTitle="Workshop on Secure Data Management (SDM)",
}

@inproceedings{Cadenhead:2011:TPU:1,
 author = {Cadenhead, Tyrone and Khadilkar, Vaibhav and Kantarcioglu, Murat and Thuraisingham, Bhavani},
 title = {Transforming Provenance Using Redaction},
 booktitle = {SACMAT},
 year = {2011},
 pages = {93--102},
% booktitle = {ACM Symposium on Access Control Models and Technologies (SACMAT)},
} 


@inproceedings{Hussein2015,
author    = {Jamal Hussein and
               Luc Moreau and
               Vladimiro Sassone},
title     = {Obscuring Provenance Confidential Information via Graph Transformation},
bookTitle="IFIP",
year="2015",
%bookTitle="Conference on Trust Management (IFIP)",
}




@inproceedings{stitz:16,
booktitle = EuroVIS,
title = {{AVOCADO: Visualization of Workflow-Derived Data Provenance for Reproducible Biomedical Research}},
author = {Stitz, Holger and Luger, Stefan and Streit, Marc and Gehlenborg, Nils},
year = {2016},
pages = {481--490} 
%booktitle = {European Conference on Visualization (EuroVis)},
}




@inproceedings{Hoekstra2015,
author="Hoekstra, Rinke and Groth, Paul",
title={PROV-O-Viz - Understanding the Role of Activities in Provenance},
bookTitle=IPAW,
year={2014},
pages={215--220}
}

@inproceedings{Pohly:2012:HCH,
 author = {Pohly, Devin J. and McLaughlin, Stephen and McDaniel, Patrick and Butler, Kevin},
 title = {Hi-Fi: Collecting High-fidelity Whole-system Provenance},
 booktitle = {ACSAC},
 year = {2012},
 pages = {259--268}
 % booktitle = {Annual Computer Security Applications Conference (ACSAC)},
} 


@inproceedings{Bates:2015:TWP,
 author = {Bates, Adam and Tian, Dave and Butler, Kevin R. B. and Moyer, Thomas},
 title = {Trustworthy Whole-system Provenance for the Linux Kernel},
 booktitle = {USENIX Conference on Security Symposium (SEC)},
 year = {2015},
 pages = {319--334},
} 


@inproceedings{Balakrishnan:2013:OL,
 author = {Balakrishnan, Nikilesh and Bytheway, Thomas and Sohan, Ripduman and Hopper, Andy},
 title = {OPUS: A Lightweight System for Observational Provenance in User Space},
 booktitle = TAPP,
 year = {2013},
 pages = {8:1--8:4},
} 



@inproceedings {Balakrishnan:2016,
 author = {Balakrishnan, Nikilesh and Bytheway, Thomas and Carata, Lucian and Sohan, Ripduman and Hopper, Andy},
title = {Towards Secure User-space Provenance Capture},
booktitle = TAPP,
year = {2016},
}

@inproceedings{DBLP:conf/cidr/ChenWHLZ17,
  author    = {Ang Chen and
               Yang Wu and
               Andreas Haeberlen and
               Boon Thau Loo and
               Wenchao Zhou},
  title     = {Data Provenance at Internet Scale: Architecture, Experiences, and
               the Road Ahead},
  booktitle = CIDR,
  year      = {2017},
}


@inproceedings{Myers1999,
author = {Myers, Andrew C.},
booktitle = {POPL},
title = {JFlow: Practical Mostly-Static Information Flow Control},
year = {1999},
pages = {228--241}
%booktitle = {Proceedings of the Symposium on Principles of Programming Languages (POPL)},
}

@inproceedings{Kwasnikowska2008,
author = {Kwasnikowska, Natalia and {Van den Bussche}, Jan},
pages = {3--16},
title = {Mapping the NRC Dataflow Model to the Open Provenance Model},
booktitle = TAPP,
year = {2008}
}

@inproceedings{Gehani2012,
 author = {Gehani, Ashish and Tariq, Dawood},
 title = {SPADE: Support for Provenance Auditing in Distributed Environments},
 booktitle = {Middleware},
 year = {2012},
 pages = {101--120}
%booktitle = {Proceedings of the International Middleware Conference},
}

@inproceedings{Cao2016,
author = {Cao, Yang and Jones, Christopher and Mcphillips, Timothy and Jones, Matthew B. and Lud{\"{a}}scher, Bertram and Missier, Paolo and Schwalm, Christopher and Slaughter, Peter and Vieglais, Dave and Walker, Lauren and Wei, Yaxing},
booktitle = IPAW,
pages = {230--234},
title = {DataONE: A Data Federation with Provenance Support},
year = {2016}
}

@inproceedings{Prabhune2016,
author = {Prabhune, Ajinkya and Zweig, Aaron and Stotzka, Rainer and Gertz, Michael and Hesser, Juergen},
booktitle = IPAW,
pages = {204--208},
title = {Prov2ONE: An Algorithm for Automatically Constructing ProvONE Provenance Graphs},
year = {2016}
}

@article{Sabelfeld2006,
 author = {Sabelfeld, Andrei and Myers, Andrew},
 title = {Language-based Information-flow Security},
 journal = {J-SAC},
 issue_date = {September 2006},
 volume = {21},
 number = {1},
 year = {2006},
 pages = {5--19},
% journal = {IIEEE Journal on Selected Areas in Communications},
 } 

%%%%%%%%%%%%%%%%%%%%%%%%%%%%%EDBT2018%%%%%%%%%%%%%%%%%%%%%%%%%%%



@article{Mutlu:2016,
 author = {Mutlu, Belgin and Veas, Eduardo and Trattner, Christoph},
 title = {{VizRec: Recommending Personalized Visualizations}},
 journal = {ACM Trans. Interact. Intell. Syst.},
 volume = {6},
 number = {4},
 year = {2016},
 pages = {31:1--31:39},
} 

@INPROCEEDINGS{Battle;2013, 
author={Leilani Battle and
               Michael Stonebraker and
               Remco Chang}, 
booktitle=BigData, 
title={Dynamic reduction of query result sets for interactive visualizaton}, 
year={2013}, 
pages={1--8}, 
}



@article{Kim:2015:RSV,
 author = {Kim, Albert and Blais, Eric and Parameswaran, Aditya and Indyk, Piotr and Madden, Sam and Rubinfeld, Ronitt},
 title = {Rapid Sampling for Visualizations with Ordering Guarantees},
 journal = {VLDB Journal},
 issue_date = {January 2015},
 volume = {8},
 number = {5},
 year = {2015},
 pages = {521--532},
} 



@article{abedjan:vldbj15,
  author    = {Ziawasch Abedjan and
               Lukasz Golab and
               Felix Naumann},
  title     = {Profiling relational data: a survey},
  journal   = VLDBJ,
    year      = {2015},
    volume = {24},
 number = {4},
 year = {2015},
 pages = {557--581}
}

@inproceedings{Kalinin:2014,
 author = {Kalinin, Alexander and Cetintemel, Ugur and Zdonik, Stan},
 title = {Interactive Data Exploration Using Semantic Windows},
booktitle= SIGMOD,
 year = {2014},
 pages = {505--516}
} 

@inproceedings{Sarawagi:2000:III,
 author = {Sarawagi, Sunita and Sathe, Gayatri},
 title = {I3: Intelligent, Interactive Investigation of OLAP Data Cubes},
 booktitle = SIGMOD,
 pages     = {589},
 year = {2000},
} 


@INPROCEEDINGS{kamat:2014, 
author={Niranjan Kamat and
               Prasanth Jayachandran and
               Karthik Tunga and
               Arnab Nandi}, 
booktitle=ICDE, 
title={Distributed and interactive cube exploration}, 
year={2014}, 
pages={472--483}
}

%%%%%%%%%%%%%%%CLEAN%%%%%%%%%%%%%%
@article{Vartak,
author = {Vartak, Manasi and Rahman, Sajjadur and Madden, Samuel and Parameswaran, Aditya and Polyzotis, Neoklis},
title = {SEEDB: Efficient Data-Driven Visualization Recommendations to Support Visual Analytics},
 journal = {Proc. VLDB Endow.},
 volume = {8},
 number = {13},
 year = {2015},
 pages = {2182--2193}
}

@article{Wongsuphasawat2016,
author = {Wongsuphasawat, Kanit and Moritz, Dominik and Anand, Anushka and Mackinlay, Jock and Howe, Bill and Heer, Jeffrey},
title = {Voyager: Exploratory Analysis via Faceted Browsing of Visualization Recommendations},
journal   = TVCG,
  volume    = {22},
  number    = {1},
  pages     = {649--658},
  year      = {2016}
}


@article{polaris2002,
author = {Stolte, Chris and Tang, Diane and Hanrahan, P},
year = {2002},
pages = {52--65},
title = {Polaris: A system for query, analysis, and visualization of multidimensional relational databases},
volume = {8},
journal = TVCG
}



@article{Sellam:16,
author = {Sellam, Thibault and Kersten, Martin},
journal = PVLDB,
title = {Ziggy : Characterizing Query Results for Data Explorers},
volume    = {9},
  number    = {13},
  pages     = {1473--1476},
year = {2016}
}


@inproceedings{Idreos2015,
author = {Idreos, Stratos and Papaemmanouil, Olga and Chaudhuri, Surajit},
booktitle = SIGMOD,
title = {Overview of Data Exploration Techniques},
year = {2015},
pages = {277--281}
}


@article{Drosou2013,
author = {Drosou, Marina and Pitoura, Evaggelia},
journal = VLDBJ,
title = {{YmalDB: Exploring relational databases via result-driven recommendations}},
 volume = {22},
 number = {6},
 year = {2013},
 pages = {849--874}
}





@inproceedings{Glavic:09,
 author = {Glavic, Boris and Alonso, Gustavo},
 title = {The Perm Provenance Management System in Action},
booktitle = SIGMOD,
 year = {2009},
 pages = {1055--1058} } 

@book{tukey77,
  author = {Tukey, John W.},
  publisher = {Addison-Wesley},
  title = {Exploratory Data Analysis},
  year = 1977
}

@inproceedings{Qu:2016:EVS,
 author = {Qu, Zening and Hullman, Jessica},
 title = {Evaluating Visualization Sets: Trade-offs Between Local Effectiveness and Global Consistency},
booktitle = BELIV,
 year = {2016},
 pages = {44--52}
 } 



%@book{larry13,
% author = {Wasserman, Larry},
% title = {All of statistics: a concise course in statistical inference.},
% booktitle = {Springer},
% year = {2013}
%}



@article{Mackinlay:2007,
 author = {Mackinlay, Jock and Hanrahan, Pat and Stolte, Chris},
journal = TVCG,
 year = {2007},
volume    = {13},
  number    = {6},
  pages     = {1137--1144},
title = {Show Me: Automatic Presentation for Visual Analysis},
volume = {13},
} 


@online{powerbi:demo,
author = {Microsoft},
title = {Quick insights in microsoft power bi},
  url = {https://goo.gl/xHwCLg},
  urldate = {2016-03-27}
  }

@online{watson:demo,
author = {IBM},
title = {Ibm watson analytics},
  url = {http://goo.gl/EK1nNU},
   urldate = {2016-04-12}
   }

@online{url:QlikView,
author = {QlikView},
title = {QlikView},
  url = {https://www.qlik.com},
   urldate = {2016-03-27}
   }


   @online{url:tableau,
author = {Tableau},
title = {Tableau},
  url = {https://www.tableau.com},
  urldate = {2016-04-12}
   }

  @inproceedings{Psallidas:2018:HILDA,
 author = {Psallidas, Fotis and Wu, Eugene},
 title = {Provenance for Interactive Visualizations},
 booktitle = HILDA,
 year = {2018},
 pages = {9:1--9:8}
} 


%%%%%%%%%%%%%%%%%%%%%%%%%%%ADBIS2019%%%%%%%%%%%%%%%%%%%%%%%%%%%%%%


  @ARTICLE{Bertini:11, 
author={Enrico {Bertini} and Andrada {Tatu} and Daniel {Keim}}, 
journal=TVCG,
title={Quality Metrics in High-Dimensional Data Visualization: An Overview and Systematization}, 
year={2011}, 
volume={17}, 
number={12}, 
pages={2203-2212}, 
}

% Encoding: UTF-8

@inproceedings{Wongsuphasawat:2017,
 author = {Wongsuphasawat, Kanit and Qu, Zening and Moritz, Dominik and Chang, Riley and Ouk, Felix and Anand, Anushka and Mackinlay, Jock and Howe, Bill and Heer, Jeffrey},
 title = {Voyager 2: Augmenting Visual Analysis with Partial View Specifications},
 booktitle = CHI,
year = {2017},
 pages = {2648--2659},
} 


@inproceedings{Milo:2018,
 author = {Milo, Tova and Somech, Amit},
 title = {Next-Step Suggestions for Modern Interactive Data Analysis Platforms},
 booktitle = KDD,
 year = {2018},
 pages = {576--585},
} 



@article{FishkindAPMSLP19,
  author    = {Donniell E. Fishkind and
               Sancar Adali and
               Heather G. Patsolic and
               Lingyao Meng and
               Digvijay Singh and
               Vince Lyzinski and
               Carey E. Priebe},
  title     = {Seeded graph matching},
  journal   = {Pattern Recognition},
  volume    = {87},
  pages     = {203--215},
  year      = {2019}
}

@article{Liu:2018:GSM,
 author = {Liu, Yike and Safavi, Tara and Dighe, Abhilash and Koutra, Danai},
 title = {Graph Summarization Methods and Applications: A Survey},
 journal = {ACM Comput. Surv.},
 volume = {51},
 number = {3},
 year = {2018},
 pages = {1--34},
} 



@article{Khan:2017,
 author = {Khan, Arijit and Bhowmick, Sourav S. and Bonchi, Francesco},
 title = {Summarizing Static and Dynamic Big Graphs},
 journal = VLDBJ,
 volume = {10},
 number = {12},
 year = {2017},
 pages = {1981--1984},
} 

@inproceedings{Zhao:2011:GCW,
 author = {Zhao, Peixiang and Li, Xiaolei and Xin, Dong and Han, Jiawei},
 title = {Graph Cube: On Warehousing and OLAP Multidimensional Networks},
 booktitle = SIGMOD,
year = {2011},
 pages = {853--864},
} 


@inproceedings{Chen08,
author = {Chen, Fen and Yan, Xifeng and Zhu, Feida and Han, Jiawei and Yu, Philip},
year = {2008},
title = {Graph OLAP: Towards Online Analytical Processing on Graphs},
booktitle ={ICDM},
pages = {103--112},
}

@inproceedings{marcel:hal-00598318,
  TITLE = {A survey of query recommendation techniques for datawarehouse exploration},
  AUTHOR = {Marcel, Patrick and Negre, Elsa},
  pages     = {119--134},
  BOOKTITLE = {EDA},
  YEAR = {2011},
}



@ARTICLE{Kuhn55thehungarian,
    author = {H. W. Kuhn},
    title = {The Hungarian method for the assignment problem},
    journal = {Naval Res. Logist. Quart},
    year = {1955},
    volume = {2},
    pages = {83--97}
}
@article{JonkerV87,
  author    = {Roy Jonker and
               A. Volgenant},
  title     = {A shortest augmenting path algorithm for dense and sparse linear assignment
               problems},
  journal   = {Computing},
  volume    = {38},
  pages     = {325--340},
  year      = {1987},
     number    = {4}
}

@book{larry13,
 author = {Wasserman, Larry},
 title = {All of statistics: a concise course in statistical inference.},
 booktitle = {Springer},
 year = {2013}
}

@book{rainier:09,
  author    = {Rainer E. Burkard and
               Mauro Dell'Amico and
               Silvano Martello},
  title     = {Assignment Problems},
  publisher ={Society for Industrial and Applied Mathematics},
    year      = {2009}
  %publisher = {SIAM},
 
}

@TECHREPORT{RePEc:cwl,
title = {Assignment Problems and the Location of Economic Activities},
author = {Koopmans, Tjalling and Beckmann, Martin J.},
year = {1955},
type = {Cowles Foundation Discussion Papers},
number = {4},
 %url = {https://EconPapers.repec.org/RePEc:cwl:cwldpp:4}
}

 

@article{Riesen:2009,
 author = {Riesen, Kaspar and Bunke, Horst},
 title = {Approximate Graph Edit Distance Computation by Means of Bipartite Graph Matching},
 journal = {Image Vision Comput.},
 volume = {27},
 number = {7},
 year = {2009},
 pages = {950--959}
} 


@ARTICLE{adomavicius:tkde05, 
author={G. Adomavicius and A. Tuzhilin}, 
journal=TKDE, 
title={Toward the next generation of recommender systems: a survey of the state-of-the-art and possible extensions}, 
year={2005}, 
volume={17}, 
number={6}, 
pages={734--749}
}


@Article{StableM,
  author  = {D. Gale and L. S. Shapley},
  title   = {College Admissions and the Stability of Marriage},
  journal = {The American Mathematical Monthly},
  year    = {1962},
  volume  = {69},
  number  = {1},
}

@InProceedings{healy:gd02,
author="Healy, Patrick and Nikolov, Nikola S.",
title="How to Layer a Directed Acyclic Graph",
booktitle=" International Symposium on Graph Drawing (GD)",
 pages     = {16--30},
year="2001",
}

@inproceedings{Milo:2016,
 author = {Milo, Tova and Somech, Amit},
 title = {REACT: Context-Sensitive Recommendations for Data Analysis},
booktitle =  SIGMOD,
 year = {2016}, 
pages = {2137--2140}
 } 





@inproceedings{Tang:2017,
 author = {Tang, Bo and Han, Shi and Yiu, Man Lung and Ding, Rui and Zhang, Dongmei},
 title = {Extracting Top-K Insights from Multi-dimensional Data},
 booktitle =SIGMOD,
 year = {2017},
pages = {1509--1524}
} 


@inproceedings{Zhu:2012,
 author = {Zhu, Yuanyuan and Qin, Lu and Yu, Jeffrey Xu and Cheng, Hong},
 title = {Finding Top-k Similar Graphs in Graph Databases},
 booktitle = EDBT,
 year = {2012},
 pages = {456--467}
} 







@Article{Irving1994,
  author   = {Irving, Robert W.},
  title    = {Stable marriage and indifference},
  journal  = {Discrete Applied Mathematics},
  year     = {1994},
  volume   = {48},
  number   = {3},
  pages = {261--272}
}



@inproceedings{Yan:2016,
 author = {Yan, Junchi and Yin, Xu-Cheng and Lin, Weiyao and Deng, Cheng and Zha, Hongyuan and Yang, Xiaokang},
 title = {A Short Survey of Recent Advances in Graph Matching},
 booktitle = {ACM International Conference on Multimedia Retrieval (ICMR)},
 year = {2016},
 pages = {167--174},
} 


 
@InProceedings{Neuhaus:07,
author="Neuhaus, Michel
and Bunke, Horst",
title="A Quadratic Programming Approach to the Graph Edit Distance Problem",
booktitle="Graph-Based Representations in Pattern Recognition",
year="2007",
publisher="Springer Berlin Heidelberg",
pages="92--102"}

@article{Eirinaki14,
author = {M. Eirinaki and S. Abraham and N. Polyzotis and N. Shaikh},
year = {2014},
title = {QueRIE: Collaborative Database Exploration},
  volume    = {26},
  number    = {7},
  pages     = {1778--1790},
journal = TKDE
}

@article{Khoussainova:2010,
 author = {Khoussainova, Nodira and Kwon, YongChul and Balazinska, Magdalena and Suciu, Dan},
 title = {SnipSuggest: Context-aware Autocompletion for SQL},
 journal = PVLDB,
 volume = {4},
 year = {2010},
 pages = {22--33},
}


@ARTICLE{Ehsan:18, 
author={H. {Ehsan} and M. A. {Sharaf} and P. K. {Chrysanthis}}, 
journal=TKDE, 
title={Efficient Recommendation of Aggregate Data Visualizations}, 
year={2018}, 
volume={30}, 
number={2}, 
pages={263-277}, 
}




@inproceedings{Lee:2019,
 author = {Lee, Doris Jung-Lin and Dev, Himel and Hu, Huizi and Elmeleegy, Hazem and Parameswaran, Aditya},
 title = {Avoiding Drill-down Fallacies with VisPilot: Assisted Exploration of Data Subsets},
 booktitle = IUI,
 year = {2019},
 pages = {186--196},
} 



@article{CuiBYE19,
  author    = {Zhe Cui and
               Sriram Karthik Badam and
               Mehmet Adil Yal{\c{c}}in and
               Niklas Elmqvist},
  title     = {DataSite: Proactive visual data exploration with computation of insight-based
               recommendations},
  journal   = IVJ,
  volume    = {18},
  number    = {2},
  year      = {2019},
}

%%%%%%%%%%%%%%%% VALENTIN PAPER %%%%%%%%%%%

 @article{2016_eurovis_clue,
  title = {From Visual Exploration to Storytelling and Back Again},
  author = {Samuel Gratzl and Alexander Lex and Nils Gehlenborg and Nicola Cosgrove and Marc Streit},
  journal = EuroVIS,
  volume = {35},
  number = {3},
  pages = {491--500},
  year = {2016}
}

@inproceedings{bruder:18,
author = {Valentin Bruder and Marcel Hlawatsch and Steffen Frey and Michael Burch and Daniel Weiskopf and Thomas Ertl},
title = {Volume-Based Large Dynamic Graph Analytics},
booktitle = IV,
 pages     = {210--219},
year = {2018}
 }
 
@article {TVCG2322594,
author = {Hlawatsch, Marcel and Burch, Michael and Weiskopf, Daniel},
title = {Visual Adjacency Lists for Dynamic Graphs},
year = {2014},
journal = {IEEE Transactions on Visualization and Computer Graphics},
volume = {20},
number = {11},
pages = {1590--1603},
}


@article {CGF:CGF13185,
author = {Burch, M. and Hlawatsch, M. and Weiskopf, D.},
title = {Visualizing a Sequence of a Thousand Graphs (or Even More)},
journal = {Computer Graphics Forum},
volume = {36},
number = {3},
pages = {261--271},
year = {2017},
}



@article{TVERSKY2002247,
title = "Animation: can it facilitate?",
journal = "International Journal of Human-Computer Studies",
volume = "57",
number = "4",
pages = "247--262",
year = "2002",
author = "Barbara Tversky and Julie Bauer Morrison and Mireille Betrancourt"
}

@inproceedings{perer2012matrixflow,
title={MatrixFlow: temporal network visual analytics to track symptom evolution during disease progression},
author={Perer, Adam and Sun, Jimeng},
booktitle={AMIA annual symposium proceedings},
volume={2012},
pages={716},
year={2012},
organization={American Medical Informatics Association}
}

@inproceedings{schneider2016cuboidmatrix,
title={CuboidMatrix: Exploring Dynamic Structural Connections in Software Components using Space-Time Cube},
author={Schneider, Teseo and Tymchuk, Yuriy and Salgado, Ronie and Bergel, Alexandre},
booktitle={Software Visualization (VISSOFT), 2016 IEEE Working Conference on},
pages={116--125},
year={2016}
}

@inproceedings{amanatides1987fast,
title={A fast voxel traversal algorithm for ray tracing},
author={Amanatides, John and Woo, Andrew and others},
booktitle={Eurographics},
series={87},
number={3},
pages={3--10},
year={1987}
}

@book{Aigner:11,
author= {Wolfgang Aigner and Silvia Miksch and Heidrun Schumann and Christian Tominski},
title= {Visualization of Time-Oriented Data},
series= {Human-Computer Interaction Series},
publisher = {Springer},
year= {2011},
}
@article{Archambault:11,
author= {Daniel Archambault and Helen C. Purchase and Bruno Pinaud},
title= {Animation, Small Multiples, and the Effect of Mental Map Preservation in Dynamic Graphs},
journal= TVCG,
volume= {17},
number = {4},
pages= {539--552},
year= {2011}
}





@INPROCEEDINGS{joshi:05, 
author={Joshi, A. and Rheingans, P.}, 
booktitle={Visualization, 2005. VIS 05. IEEE}, 
title={Illustration-inspired techniques for visualizing time-varying data}, 
year={2005}, 
pages={679--686}, 
}


@inproceedings{Bach_CHI:14,
  title = {Visualizing Dynamic Networks with Matrix Cubes},
  author = {Benjamin Bach and Emmanuel Pietriga and Jean-Daniel Fekete},
  booktitle = CHI,
  pages     = {877--886},
  year = {2014}
}

@article{Bach_CGF:15,
  author    = {Benjamin Bach and Nathalie Henry Riche and Tim Dwyer and Tara M. Madhyastha and Jean{-}Daniel Fekete and Thomas J. Grabowski},
  title     = {Small MultiPiles: Piling Time to Explore Temporal Patterns in Dynamic Networks},
  journal   = {Computer Graphics Forum},
  volume    = {34},
  number    = {3},
  pages     = {31--40},
  year      = {2015}
}

@book{Battista:99,
  author    = {Giuseppe Di Battista and Peter Eades and Roberto Tamassia and Ioannis G. Tollis},
  title     = {Graph Drawing: Algorithms for the Visualization of Graphs},
  publisher = {Prentice-Hall},
  year      = {1999}
}

@article {Beck_CGF:16,
  author = {Beck, Fabian and Burch, Michael and Diehl, Stephan and Weiskopf, Daniel},
  title = {A Taxonomy and Survey of Dynamic Graph Visualization},
  journal = {Computer Graphics Forum},
  volume = {36},
  number = {1},
  pages = {133--159},
  year = {2017},
}

@article{Behrisch_CGF:16,
  author    = {Michael Behrisch and Benjamin Bach and Nathalie Henry Riche and Tobias Schreck and Jean{-}Daniel Fekete},
  title     = {Matrix Reordering Methods for Table and Network Visualization},
  journal   = {Computer Graphics Forum},
  volume    = {35},
  number    = {3},
  pages     = {693--716},
  year      = {2016}
}

@article{Burch_TVCG:11,
  author    = {Michael Burch and Corinna Vehlow and Fabian Beck and Stephan Diehl and Daniel Weiskopf},
  title     = {Parallel Edge Splatting for Scalable Dynamic Graph Visualization},
  journal   = {{IEEE} Transactions on Visualization and Computer Graphics},
  volume    = {17},
  number    = {12},
  pages     = {2344--2353},
  year      = {2011}
}

@inproceedings{Burch_IV:13,
  author    = {Michael Burch and Benjamin Schmidt and Daniel Weiskopf},
  title     = {A Matrix-Based Visualization for Exploring Dynamic Compound Digraphs},
  booktitle = IV,
  pages     = {66--73},
  year      = {2013}
}
@article{Burch_IVS:16,
  author = {Michael Burch},
  title = {Visual analytics of large dynamic digraphs},
  journal = {Information Visualization},
  year = {2016}
}

@inproceedings{Burch_VINCI:16,
  author    = {Michael Burch},
  title     = {The Dynamic Call Graph Matrix},
  booktitle = {Proceedings of the 9th International Symposium on Visual Information Communication and Interaction, {VINCI}},
  pages     = {1--8},
  year      = {2016}
}

@article{Burch_EuroVis:17,
  author = {Michael Burch and Marcel Hlawatsch and Daniel Weiskopf},
  title = {Visualizing a Sequence of a Thousand Graphs (Or Even More)},
  journal = {Computer Graphics Forum},
  volume    = {36},
  number    = {3},
  pages     = {261--271},
  year = {2017}
}

@inproceedings{Diehl:02,
  author    = {Stephan Diehl and Carsten G{\"{o}}rg},
  title     = {Graphs, They Are Changing},
  booktitle = {Proceedings of the International Symposium on Graph Drawing},
  pages     = {23--31},
  year      = {2002}
}

@article{Elzen_TVCG:14,
  author    = {Stef van den Elzen and Danny Holten and Jorik Blaas and Jarke J. van Wijk},
  title     = {Dynamic Network Visualization with Extended Massive Sequence Views},
  journal   = TVCG,
  volume    = {20},
  number    = {8},
  pages     = {1087--1099},
  year      = {2014}
}

@article{Elzen:16,
  author    = {Stef van den Elzen and Danny Holten and Jorik Blaas and Jarke J. van Wijk},
  title     = {Reducing Snapshots to Points: {A} Visual Analytics Approach to Dynamic Network Exploration},
  journal   = TVCG,
  volume    = {22},
  number    = {1},
  pages     = {1--10},
  year      = {2016}
}

@article{Ghoniem_IVS:05,
  author    = {Mohammad Ghoniem and Jean{-}Daniel Fekete and Philippe Castagliola},
  title     = {On the readability of graphs using node-link and matrix-based representations: a controlled experiment and statistical analysis},
  journal   = {Information Visualization},
  volume    = {4},
  number    = {2},
  pages     = {114--135},
  year      = {2005}
}

@book{Kaufman:90,
title={Finding groups in data: an introduction to cluster analysis},
author={Kaufman, Leonard and Rousseeuw, Peter J},
volume={344},
year={2009},
publisher={John Wiley \& Sons}
}

@book{Kaufmann:01,
  editor    = {Michael Kaufmann and Dorothea Wagner},
  title     = {Drawing Graphs, Methods and Models},
  series    = {Lecture Notes in Computer Science},
  volume    = {2025},
  publisher = {Springer},
  year      = {2001}
}



@incollection{Keim_VDM:08,
author= {Daniel A. Keim and Florian Mansmann and J{\"{o}}rn Schneidewind and Jim Thomas and Hartmut Ziegler},
  title = {Visual Analytics: Scope and Challenges},
  booktitle = {Visual Data Mining - Theory, Techniques and Tools for Visual Analytics},
  pages= {76--90},
   year= {2008},
  publisher = {Springer},
}

@article{Landesberger_CGF:11,
  author= {Tatiana von Landesberger and Arjan Kuijper and Tobias Schreck and J{\"{o}}rn Kohlhammer and Jarke J. van Wijk and Jean{-}Daniel Fekete and Dieter W. Fellner},
  title = {Visual Analysis of Large Graphs: State-of-the-Art and Future Research Challenges},
  journal= {Computer Graphics Forum},
  volume= {30},
  number= {6},
  pages= {1719--1749},
  year= {2011}
}

@article{Misue:95,
author= {Kazuo Misue and Peter Eades and Wei Lai and Kozo Sugiyama},
title= {Layout Adjustment and the Mental Map},
journal= {Journal of Visual Languages and Computing},
volume= {6},
number= {2},
pages= {183--210},
year= {1995}
}

@inproceedings{Rosenholtz:05,
  author = {Ruth Rosenholtz and Yuanzhen Li and Jonathan Mansfield and Zhenlan Jin},
  title= {Feature congestion: a measure of display clutter},
  booktitle =CHI,
  pages = {761--770},
  year = {2005}
}



@article{Thomas:09,
  author = {Jim Thomas and Joe Kielman},
  title= {Challenges for visual analytics},
  journal= {Information Visualization},
  volume= {8},
  number= {4},
  pages= {309--314},
  year = {2009}
}


@inproceedings{Shen:99,
 author = {Shen, Han-Wei and Chiang, Ling-Jen and Ma, Kwan-Liu},
 title = {A Fast Volume Rendering Algorithm for Time-varying Fields Using a Time-space Partitioning (TSP) Tree},
booktitle=VIS,
 year = {1999},
 pages = {371--377},
  %booktitle = {Proceedings of the Conference on Visualization '99: Celebrating Ten Years},
} 

@article{Yi:10,
  author    = {Ji Soo Yi and Niklas Elmqvist and Seungyoon Lee},
  title     = {TimeMatrix: Analyzing Temporal Social Networks Using Interactive Matrix-Based Visualizations},
  journal   = {International Journal of Human-Computer Interaction},
  volume    = {26},
  number    = {11{\&}12},
  pages     = {1031--1051},
  year      = {2010}
}


@inproceedings{bach:2017,
title={A Descriptive Framework for Temporal Data Visualizations Based on Generalized Space-Time Cubes},
  author={Bach, Benjamin and Dragicevic, Pierre and Archambault, Daniel and Hurter, Christophe and Carpendale, Sheelagh},
  booktitle={Computer Graphics Forum},
  volume={36},
  pages={36--61},
  year={2017},
}

@article{woodring:06,
title={Multi-variate, time varying, and comparative visualization with contextual cues},
  author={Woodring, Jonathan and Shen, Han-Wei},
  journal={IEEE transactions on visualization and computer graphics},
  volume={12},
  number={5},
  pages={909--916},
  year={2006},
}


@ARTICLE{sauber:06,
author={N. Sauber and H. Theisel and H. p. Seidel},
journal={IEEE Vis. Comput. Gr.},
title={Multifield-Graphs: An Approach to Visualizing Correlations in Multifield Scalar Data},
year={2006},
volume={12},
number={5},
pages={917-924},
}

@inproceedings{woodring:03,
 title = {Chronovolumes: a Direct Rendering Technique for Visualizing Time-varying Data},
 author = {Woodring, Jonathan and Shen, Han-Wei},
 booktitle = TVCG,
 year = {2003},
 pages = {27--34},
}


@INPROCEEDINGS{woodring:03b,
author={Woodring, J. and Chaoli Wang and Han-Wei Shen}, 
booktitle=VIS,
title={High dimensional direct rendering of time-varying volumetric data}, 
year={2003}, 
pages={417--424}, 
}

%@INPROCEEDINGS{balabanian:08,
%  author = {Jean-Paul Balabanian and Ivan Viola and Torsten M{\"o}ller
%  and Eduard Gr{\"o}ller},
%  title = {Temporal Styles for Time-Varying Volume Data},
%  booktitle = {Proceedings of 3DPVT'08 - the Fourth International
%  Symposium on 3D Data Processing, Visualization and Transmission},
%  year = {2008},
%  pages = {81--89},
%}

@INPROCEEDINGS{lu:08, 
author={Aidong Lu and Han-Wei Shen}, 
booktitle=PacificVIS,
title={Interactive Storyboard for Overall Time-Varying Data Visualization}, 
year={2008}, 
pages={143--150}
}


@article {woodring:09,
author = {Woodring, Jonathan and Shen, Han-Wei},
title = {Semi-Automatic Time-Series Transfer Functions via Temporal Clustering and Sequencing},
journal = {Computer Graphics Forum},
volume = {28},
number = {3},
pages = {791--798},
year = {2009},
}

@inproceedings{akiba:06,
 author = {Akiba, Hiroshi and Fout, Nathaniel and Ma, Kwan-Liu},
 title = {Simultaneous Classification of Time-varying Volume Data Based on the Time Histogram},
booktitle=EuroVIS,
 year = {2006},
 pages = {171--178},
}


@article {beyer:15,
author = {Beyer, Johanna and Hadwiger, Markus and Pfister, Hanspeter},
title = {State-of-the-art in GPU-based large-scale volume visualization},
journal = {Comput. Graph. Forum},
volume = {34},
pages = {13--37},
year = {2015},
}



%%%%%%%%%%%%%%%% TaPP 2017 %%%%%%%%%%%
@article{vega17,
author = {Arvind Satyanarayan AND Dominik Moritz AND Kanit Wongsuphasawat AND Jeffrey Heer},
booktitle = TVCG,
 title = {Vega-Lite: A Grammar of Interactive Graphics},
 volume    = {23},
  number    = {1},
  pages     = {341--350},
  year = {2017}
}


@article{2011-d3,
 author = {Michael Bostock AND Vadim Ogievetsky AND Jeffrey Heer},
booktitle = TVCG ,
  title = {D3: Data-Driven Documents},
  volume    = {17},
  number    = {12},
  pages     = {2301--2309},
   year = {2011}
}

@article{Cleveland.McGill1984,
  author = {Cleveland, William S. and McGill, Robert},
  journal = {Journal of the American Statistical Association},
  number = 387,
  pages = {531--554},
  publisher = {American Statistical Association},
  title = {Graphical Perception: Theory, Experimentation, and Application to the Development of Graphical Methods},
  volume = 79,
  year = 1984
}

@article{Mackinlay86,
  author = {Mackinlay, Jock D.},
  journal = {ACM Trans. Graph.},
  number = 2,
  pages = {110--141},
  title = {Automating the Design of Graphical Presentations of Relational Information.},
  volume = 5,
  year = 1986
}


@inproceedings{EDBT:Koutrika18,
  author    = {Georgia Koutrika},
  title     = {Recent Advances in Recommender Systems: Matrices, Bandits, and Blenders},
  booktitle = EDBT,
  pages     = {517--519},
  year      = {2018},
}

@inproceedings{Rekatsinas:2017,
 author = {Rekatsinas, Theodoros and Joglekar, Manas and Garcia-Molina, Hector and Parameswaran, Aditya and R{\'e}, Christopher},
 title = {SLiMFast: Guaranteed Results for Data Fusion and Source Reliability},
 booktitle =SIGMOD,
 year = {2017},
 pages = {1399--1414},
} 


@inproceedings{Kandel:2012:PIS,
 author = {Kandel, Sean and Parikh, Ravi and Paepcke, Andreas and Hellerstein, Joseph M. and Heer, Jeffrey},
 title = {Profiler: Integrated Statistical Analysis and Visualization for Data Quality Assessment},
 booktitle =AVI,
 year = {2012},
 pages = {547--554},
}

@inproceedings{Key:2012:VSD,
 author = {Key, Alicia and Howe, Bill and Perry, Daniel and Aragon, Cecilia},
 title = {VizDeck: Self-organizing Dashboards for Visual Analytics},
 booktitle = SIGMOD,
 year = {2012},
 pages = {681--684},
} 


@inproceedings{Sellam:2016,
 author = {Sellam, Thibault and Kersten, Martin},
 title = {Fast, Explainable View Detection to Characterize Exploration Queries},
 booktitle =  SSDBM,
 year = {2016},
 pages = {20:1--20:12},
 numpages = {12},
} 


@INPROCEEDINGS{Puzicha:99, 
author={J. {Puzicha} and J. M. {Buhmann} and Y. {Rubner} and C. {Tomasi}}, 
booktitle={Proceedings of the Seventh IEEE International Conference on Computer Vision}, 
title={Empirical evaluation of dissimilarity measures for color and texture}, 
year={1999}, 
pages={1165--1172}, 
}


@inproceedings{ChansonCDLM19,
  author    = {Alexandre Chanson and
               Ben Crulis and
               Krista Drushku and
               Nicolas Labroche and
               Patrick Marcel},
  title     = {Profiling User Belief in {BI} Exploration for Measuring Subjective Interestingness},
  booktitle = DOLAP,
  year      = {2019}
  }


@article{Brijs:2003,
author = {Brijs, Tom and Vanhoof, Koen and WETS, Geert},
year = {2003},
month = {01},
journal = {Information Theories Applications},
title = {Defining interestingness for association rule},
volume = {10}
}

@article{Geng:2006,
 author = {Geng, Liqiang and Hamilton, Howard J.},
 title = {Interestingness Measures for Data Mining: A Survey},
 journal = {ACM Computing Surveys (CSUR)},
 volume = {38},
 number = {3},
 year = {2006},
} 

@article{Siddiqui:2016,
 author = {Siddiqui, Tarique and Kim, Albert and Lee, John and Karahalios, Karrie and Parameswaran, Aditya},
 title = {Effortless Data Exploration with Zenvisage: An Expressive and Interactive Visual Analytics System},
 journal = PVLDB,
 volume = {10}, 
 number = {4},
 year = {2016},
 pages = {457--468}
} 



@inproceedings{Sarawagi00,
  author    = {Sunita Sarawagi},
  title     = {User-Adaptive Exploration of Multidimensional Data},
  booktitle = VLDB,
  pages     = {307--316},
  year      = {2000}
}




@article{VogelHDLN14,
  author    = {Tobias Vogel and
               Arvid Heise and
               Uwe Draisbach and
               Dustin Lange and
               Felix Naumann},
  title     = {Reach for gold: An annealing standard to evaluate duplicate detection
               results},
  journal   = {J. Data and Information Quality},
  volume    = {5},
  number    = {1-2},
  pages     = {5:1--5:25},
  year      = {2014}
}




%%%%%%%%%%TaPP 2019 %%%%%%%%%%%%%
@online{usecase:url,
title = {Case study},
author={Houssem {Ben Lahmar}},
  url = {https://www.ipvs.uni-stuttgart.de/abteilungen/de/forschung/projekte/StructSum/examples.html},
 year= {2019} 
}

@inproceedings{Ainy:2015,
 author = {E. Ainy and P. Bourhis and S. Davidson and D. Deutch and T. Milo},
 title = {Approximated Summarization of Data Provenance},
 booktitle = CIKM,
 year = {2015},
 pages = {483--492}
}

@InProceedings{alawini:18,
author="A. Alawini,
and L. Chen,
and S. Davidson, 
and S. Fisher,
and J. Kim",
title="Discovering Similar Workflows via Provenance Clustering: A Case Study",
year="2018",
booktitle= IPAW,
pages="115--127"
}

@inproceedings{baazizi2017,
  author = {M. A.  Baazizi,  and H. {Ben Lahmar} and D. Colazzo and G. Ghelli and C. Sartiani},
    title = {Schema Inference for Massive JSON Datasets},
  booktitle    = EDBT,
  year    = {2017},
    pages = {222--233},
  }
  
  
@inproceedings {Barakat:17,
author = {L. Barakat and P. Taylor and N. Griffiths and S. Miles},
title = {Corroboration via Provenance Patterns},
booktitle = TaPP,
year = {2017}
}


@techreport{w3c-prov-dm,
  author = {K. Belhajjame and R. B'Far and J. Cheney and S. Coppens and S. Cresswell and Y. Gil and P. Groth and G. Klyne and T. Lebo and J. McCusker and S. Miles and J. Myers and S. Sahoo and C. Tilmes},
  title = {PROV-DM: The PROV Data Model},
  url = {http://www. w3. org/TR/prov-dm/},
  year = {2012}
}



@inproceedings{Biton:2007,
 author = {O. Biton and S. C. Boulakia and S. B. Davidson},
 title = {Zoom*UserViews: Querying Relevant Provenance in Workflow Systems},
 booktitle = VLDB,
 year = {2007},
 pages = {1366--1369}
 }





@InProceedings{chiticariu:sigmod08,
  author    = {L. Chiticariu and P. G. Kolaitis and L. Popa},
  title     = {Interactive generation of integrated schemas},
 booktitle =SIGMOD,
  year      = {2008},
pages     = {833--846},
}


@article{Curcin:2017,
 author = {V. Curcin and E. Fairweather and R. Danger and D. Corrigan},
 title = {Templates As a Method for Implementing Data Provenance in Decision Support Systems},
 journal = {Journal  of Biomedical Informatics},
 year = {2017},
 pages = {1--21},
  volume    = {65},
}


@inproceedings{OliveiraMOOB16,
  author    = {W. M.  de Oliveira and
               P. Missier and
               K.  Oca{\~{n}}a and
               D.  de Oliveira and
               V.  Braganholo},
  title     = {Analyzing Provenance Across Heterogeneous Provenance Graphs},
    booktitle    = IPAW,
  year      = {2016},
pages     = {57--70},
}

 @InProceedings{hegewald:icdews06,
%  author    = {J. Hegewald and F. Naumann and M. Weis},
 author    = {Jan Hegewald and
               Felix Naumann and
               Melanie Weis},
  title     = {XStruct: Efficient Schema Extraction from Multiple and Large {XML}
               Documents},
  pages     = {81},
  year      = {2006},
  booktitle     = ICDE
}




%@inproceedings{Karsai:2016,
% author = {L. Karsai and A. Fekete and J. Kay and P. Missier},
% title = {Clustering Provenance Facilitating Provenance Exploration Through Data Abstraction},
% booktitle = HILDA,
% year = {2016},
% pages = {61-65}
%}

@inproceedings{KoopFS13,
  author    = {D. Koop and
               J. Freire and
               C. T.  Silva},
  title     = {Visual summaries for graph collections},
  booktitle = PacificVIS,
  year      = {2013},
 pages     = {57--64},
}

@inproceedings{MissierBGCD14,
  author    = {P. Missier and
               J. Bryans and
               C. Gamble and
               V. Curcin and
               R. D{\'{a}}nger},
  title     = {ProvAbs: Model, Policy, and Tooling for Abstracting {PROV} Graphs},
  booktitle = IPAW,   
    year      = {2014},
   pages     = {3--15},
}


@inproceedings{Moreau15,
author = {L. Moreau},
year = {2015},
title = {Aggregation by Provenance Types: A Technique for Summarising Provenance Graphs},
  booktitle    = ETAPS,
  pages = {129--144},
}


  @ARTICLE{Moreau18,
  author={L.  Moreau and B.  V.  Batlajery and T.  D.  Huynh and D.  Michaelides and H.  Packer},
  journal=TSE,
  title={A Templating System to Generate Provenance},
  year={2018},
 pages={103--121},
  volume    = {44},
  number    = {2},
  }

@InProceedings{Oppold:IPAW18,
  author    = {S. Oppold and M. Herschel},
  title     = {Provenance for Entity Resolution},
  year      = {2018},
  booktitle    = IPAW,
}

@INPROCEEDINGS{Riehmann:2015, 
author={P. Riehmann and M. Hanfler and B. Froehlich}, 
title={Interactive Sankey diagrams}, 
year={2005}, 
pages={233--240}, 
booktitle={IEEE Symposium on Information Visualization (INFOVIS)}
}

@article{Stitz:2016,
 author = {H. Stitz and S. Luger and M. Streit and N. Gehlenborg },
 title = {AVOCADO: Visualization of Workflow-Derived Data Provenance for Reproducible Biomedical Research},
 journal = {Comput.  Graph.  Forum},
 year = {2016},
  pages = {481--490},
  volume    = {35},
  number    = {3}
}


@inproceedings{Cheney:2014:ASP,
 author = {J. Cheney and R. Perera},
 title = {An Analytical Survey of Provenance Sanitization},
booktitle = IPAW,
 year = {2015},
pages = {113--126},
}



@inproceedings{DBLP:conf/ipaw/KohwalterOFCM16,
  author    = {T. C. Kohwalter and
               T. N. de Oliveira and
               J. Freire and
               E. Clua and
               L. Murta},
  title     = {Prov Viewer: {A} Graph-Based Visualization Tool for Interactive Exploration
               of Provenance Data},
  booktitle = IPAW,
    year      = {2016},
 pages     = {71--82}
}


@InCollection{calado:xml-dd10,
  author    = {P. Calado and M. Herschel and L. Leit{\~{a}}o},
  title     = {An Overview of {XML} Duplicate Detection Algorithms},
  booktitle = {Soft Computing in {XML} Data Management - Intelligent Systems from Decision Making to Data Mining, Web Intelligence and Computer Vision},
  year      = {2010},
pages     = {193--224},
}


@inproceedings{Braun2009,
author = {Muniswamy-Reddy, Kiran-Kumar and Braun, Uri and Holland, David A. and Macko, Peter and Maclean, Diana and Margo, Daniel and Seltzer, Margo and Smogor, Robin},
title = {Layering in Provenance Systems},
booktitle = USENIX,
year = {2009}
 }


 @article{DjedainiDLMPV19,
  author = {Mahfoud Djedaini and Krista Drushku and Nicolas Labroche and Patrick Marcel and Veronika Peralta and Willeme Verdeaux},
  title={Automatic assessment of interactive {OLAP} explorations},
  journal=IS,
  volume={82},
  pages={148--163},
  year={2019}
}

@inproceedings{DjedainiLMP17,
  author = {Mahfoud Djedaini and Nicolas Labroche and Patrick Marcel and Veronika Peralta},
  title= {Detecting User Focus in OLAP Analyses},
booktitle= ADBIS,
  series= {Lecture Notes in Computer Science},
  volume= {10509},
  pages= {105--119},
  year= {2017}
}

@online{EVLIN:demo,
author = {Houssem {Ben Lahmar}},
title = {EVLIN Demo},
url = {https://youtu.be/L_59cXZu0Uk},
 year= {2017} 
}

@online{ref:crossfilter,
author = {Houssem {Ben Lahmar}},
title = {Crossfilter},
url = {http://square.github.io/crossfilter/},
 year= {2015} 
}


@article{cheney:book09,
  author    = {James Cheney and Laura Chiticariu and  Wang Chiew Tan},
  title     = {Provenance in Databases: Why, How, and Where},
  journal   = {Foundations and Trends in Databases},
  volume    = {1},
  number    = {4},
  year      = {2009},
  pages = {379--474},
  numpages = {96},
  }


@inproceedings{Ranu:2014,
 author = {Ranu, Sayan and Hoang, Minh and Singh, Ambuj},
 title = {Answering Top-k Representative Queries on Graph Databases},
 booktitle = SIGMOD,
 year = {2014},
 pages = {1163--1174},
 numpages = {12},
} 


@inproceedings{GuptaGYCH14,
  author    = {Manish Gupta and
               Jing Gao and
               Xifeng Yan and
               Hasan Cam and
               Jiawei Han},
  title     = {Top-K interesting subgraph discovery in information networks},
  booktitle = ICDE,
  pages     = {820--831},
  year      = {2014}
}

@book{augmentingwongsuphasawat2018,
  title={Augmenting Exploratory Data Analysis with Visualization Recommendation},
  author={Wongsuphasawat, K.},
  url={https://books.google.de/books?id=wqAuxQEACAAJ},
  year={2018},
  publisher={University of Washington Libraries}
}

@article{Kaminskas:2016,
 author = {Kaminskas, Marius and Bridge, Derek},
 title = {Diversity, Serendipity, Novelty, and Coverage: A Survey and Empirical Analysis of Beyond-Accuracy Objectives in Recommender Systems},
 journal = {ACM Trans. Interact. Intell. Syst.},
 volume = {7},
 number = {1},
 year = {2016},
 pages = {2:1--2:42},

} 

@article{Becker:1987:BS,
 author = {Becker, Richard A. and Cleveland, William S.},
 title = {Brushing Scatterplots},
 journal = {Technometrics},
 volume = {29},
 number = {2},
 year = {1987},
 pages = {127--142}
} 


  
  
  %%%%%%%%%%%%%%Our publications%%%%%%%%%%
@INPROCEEDINGS{BHBK18:Demo,
  author = {Houssem {Ben Lahmar} and Melanie Herschel and Michael Blumenschein and Daniel A. Keim},
 booktitle = EDBT,
  title = {Provenance-Based Visual Data Exploration with EVLIN},
  year = {2018},
  pages = {686--689}
}



@inproceedings{Houssem:17:tapp,
  author    = {Houssem {Ben Lahmar} and Melanie Herschel},
  title     = {Provenance-based Recommendations for Visual Data Exploration},
  booktitle = TAPP,
  year      = {2017}
}
@inProceedings{schulz:vissoft18, 
author = {Christoph Schulz and Adrian Zeyfang and Mereke van Garderen and Houssem {Ben Lahmar} and Melanie Herschel and Daniel Weiskopf},
title = {Simultaneous Visual Analysis of Multiple Software Hierarchies},
year = {2018}, 
booktitle =VISSOFT,
 pages = {87--95}
}

@inproceedings{Houssem:19:adbis,
  author    = {Houssem {Ben Lahmar} and Melanie Herschel},
  title     = {Towards integrating collaborative filtering in visual data exploration systems},
booktitle= ADBIS,
  year      = {2019},
  pages = {153--160}
}


@inproceedings{Houssem:19:IS,
  author    = {Houssem {Ben Lahmar} and Melanie Herschel},
  title     = {Collaborative filtering over evolution provenance data for interactive visual data exploration},
  booktitle = IS,
  year      = {2020}
}


@inproceedings{Houssem:19:TaPP,
  author    = {Houssem {Ben Lahmar} and Melanie Herschel},
  title     = {Structural summaries for visual provenance analysis},
    booktitle = TAPP,
  year      = {2019}
}

@Article{Bruder2019,
author="Bruder, Valentin
and {Ben Lahmar}, Houssem
and Hlawatsch, Marcel
and Frey, Steffen
and Burch, Michael
and Weiskopf, Daniel
and Herschel, Melanie
and Ertl, Thomas",
title="Volume-based large dynamic graph analysis supported by evolution provenance",
journal=MTAP,
year="2019",
volume    = {78},
number    = {23},
pages     = {32939--32965},
}


@article{Herschel2017survey,
  author    = {Melanie Herschel and
               Ralf Diestelk{\"{a}}mper and
               Houssem {Ben Lahmar}},
  title     = {A survey on provenance: What for? What form? What from?},
  journal   = VLDBJ,
  volume    = {26},
  number    = {6},
  pages     = {881--906},
  year      = {2017}
  }



  %%%%%new elements
@article{Chaudhuri:1997,
 author = {Chaudhuri, Surajit and Dayal, Umeshwar},
 title = {An Overview of Data Warehousing and OLAP Technology},
 journal = SIGMODREC,
 volume = {26},
 number = {1},
 year = {1997},
 pages = {65--74}
 } 

@article{LeveneL03,
  author    = {Mark Levene and
               George Loizou},
  title     = {Why is the snowflake schema a good data warehouse design?},
  journal   = {Inf. Syst.},
  volume    = {28},
  number    = {3},
  pages     = {225--240},
  year      = {2003}
}

@book{Kimball96,
  author    = {Ralph Kimball},
  title     = {The Data Warehouse Toolkit: Practical Techniques for Building Dimensional
               Data Warehouses},
  publisher = {John Wiley},
  year      = {1996}
}


@inproceedings{MafrurSK18,
  author    = {Rischan Mafrur and
               Mohamed A. Sharaf and
               Hina A. Khan},
  title     = {DiVE: Diversifying View Recommendation for Visual Data Exploration},
  booktitle = CIKM,
  pages     = {1123--1132},
  year      = {2018}
}
@article{Beckman1957,
  author = { Martin Beckman and Tjalling C. Koopmans},
  journal = {Econometrica},
  pages = {53--76},
  title = {Assignment problems and the location of economic activities},
  volume = 25,
  year = 1957
}

@inproceedings{Yu:2018:GGM,
 author = {Yu, Tianshu and Yan, Junchi and Wang, Yilin and Liu, Wei and Li, Baoxin},
 title = {Generalizing Graph Matching Beyond Quadratic Assignment Model},
 booktitle = NIPS,
 year = {2018},
 pages = {861--871}
} 


@inproceedings{Leordeanu:2009:IPF,
 author = {Leordeanu, Marius and Hebert, Martial and Sukthankar, Rahul},
 title = {An Integer Projected Fixed Point Method for Graph Matching and MAP Inference},
 booktitle = NIPS,
 year = {2009},
 pages = {1114--1122}
} 

@article{Liu:2014:GNC,
 author = {Liu, Zhi-Yong and Qiao, Hong},
 title = {GNCCP: Graduated NonConvexity and Concavity Procedure},
 journal = {IEEE Trans. Pattern Anal. Mach. Intell.},
 volume = {36},
 number = {6},
 year = {2014},
 pages = {1258--1267}
} 


@article{Dijkstra:1959:NTP,
 author = {Dijkstra, E. W.},
 title = {A Note on Two Problems in Connexion with Graphs},
 journal = {Numer. Math.},
 volume = {1},
 number = {1},
 year = {1959},
 pages = {269--271}
} 

@article{Fan:2010:GHR,
 author = {Fan, Wenfei and Li, Jianzhong and Ma, Shuai and Wang, Hongzhi and Wu, Yinghui},
 title = {Graph Homomorphism Revisited for Graph Matching},
 journal = PVLDB,
 volume = {3},
 number = {1-2},
 year = {2010},
 pages = {1161--1172}
} 


@book{Garey:1990:CIG:574848,
 author = {Garey, Michael R. and Johnson, David S.},
 title = {Computers and Intractability; A Guide to the Theory of NP-Completeness},
 year = {1990},
 publisher = {W. H. Freeman \& Co.},
 address = {New York, NY, USA},
} 


@article{Vassiliadis:99,
author = {Vassiliadis, Panos and Sellis, Timos},
year = {1999},
pages = {64--69},
title = {A survey of logical models for OLAP databases},
volume = {28},
journal = {ACM SIGMOD Record}
}


@incollection{vistrails@aosa2011,
  author       = {Juliana Freire and David Koop and Emanuele Santos and Carlos Scheidegger and Claudio Silva and Huy Vo}, 
  title        = {VisTrails},
  booktitle    = {The Architecture of Open Source Applications},
  year         = 2011,
  volume       = 1,
  chapter      = 23,
  pages        = {377--394},
}